@article{strefler2008,
author = {Strefler, Jessica and Erdmann, Udo and Schimansky-Geier, Lutz},
title = {{Swarming in three dimensions}},
journal = {Phys. Rev. E},
year = {2008},
volume = {78},
number = {3},
pages = {1757--8},
month = sep
}

@article{battimelli2018,
author = {Battimelli, Giovanni and Ciccotti, Giovanni},
title = {{Berni Alder and the pioneering times of molecular simulation}},
journal = {EPJ H},
year = {2018},
volume = {43},
number = {3},
pages = {303--335},
month = jul
}

@article{porfiri2014,
author = {Porfiri, Maurizio},
title = {{Linear Analysis of the Vectorial Network Model}},
journal = {IEEE Trans. Circuits Syst. II},
year = {2014},
volume = {61},
number = {1},
pages = {44--48},
month = jan
}



@article{aldana2003,
author = {Aldana, Maximino and Huepe, Cristi{\'a}n},
title = {{Phase Transitions in Self-Driven Many-Particle Systems and Related Non-Equilibrium Models: A Network Approach}},
journal = {Journal of Statistical Physics},
year = {2003},
volume = {112},
number = {1},
pages = {135--153}
}

@article{tang2020,
author = {Tang, Wenlong and Davidson, Jacob D and Zhang, Guoqiang and Conen, Katherine E and Fang, Jian and Serluca, Fabrizio and Li, Jingyao and Xiong, Xiaorui and Coble, Matthew and Tsai, Tingwei and Molind, Gregory and Fawcett, Caroline H and Sanchez, Ellen and Zhu, Peixin and Couzin, Iain D and Fishman, Mark C},
title = {{Genetic Control of Collective Behavior in Zebrafish}},
journal = {ISCIENCE},
year = {2020},
volume = {23},
number = {3},
pages = {100942},
month = mar,
}

@book{ma2005,
author = {Ma, Y and Soatto, S and Kosecka, J and Sastry, S S},
title = {{An Invitation to 3-D Vision: From Images to Geometric Models}},
publisher = {Springer New York},
year = {2005},
series = {Interdisciplinary Applied Mathematics}
}

@article{travis2021,
author = {Travis, Karl P and Hoover, William Graham and Hoover, Carol Griswold and Hass, Amanda Bailey},
title = {{What is Liquid ? [in two dimensions]}},
journal = {arXiv},
year = {2021},
eprint = {2103.00511v1},
eprinttype = {arxiv},
eprintclass = {cond-mat.stat-mech},
month = feb
}

@article{nagy2010,
author = {Nagy, M{\'a}t{\'e} and {\'A}kos, Zsuzsa and Biro, Dora and Vicsek, Tamas},
title = {{Hierarchical group dynamics in pigeon flocks}},
journal = {Nature Publishing Group},
year = {2010},
volume = {464},
number = {7290},
pages = {890--893},
month = aug
}

@article{jolles2017,
author = {Jolles, Jolle W and Boogert, Neeltje J and Sridhar, Vivek H and Couzin, Iain D and Manica, Andrea},
title = {{Consistent Individual Differences Drive Collective Behavior and Group Functioning of Schooling Fish}},
journal = {Current Biology},
year = {2017},
volume = {27},
number = {18},
pages = {2862--2868.e7},
month = sep
}

@article{dorigo1997,
author = {Dorigo, Marco and Gambardella, Luca Maria},
title = {{Ant colony system - a cooperative learning approach to the traveling salesman problem.}},
journal = {IEEE Trans. Evol. Comput.},
year = {1997},
volume = {1},
number = {1},
pages = {53--66}
}

@article{wang2017,
author = {Wang, Min and Yang, Yushi and Liu, Xiaobo and Pu, Zonghua and Kou, Zongkui and Zhu, Peipei and Mu, Shichun},
title = {{The role of iron nitrides in the Fe{\textendash}N{\textendash}C catalysis system towards the oxygen reduction reaction}},
journal = {Nanoscale},
year = {2017},
volume = {9},
number = {22},
pages = {7641--7649}
}

@article{chandrasekhar1943,
author = {Chandrasekhar, S},
title = {{Stochastic Problems in Physics and Astronomy}},
journal = {Rev. Mod. Phys.},
year = {1943},
volume = {15},
number = {1},
pages = {1--89},
month = jan
}

@article{yu2006,
author = {Yu, Lili and Tucci, Valter and Kishi, Shuji and Zhdanova, Irina V},
title = {{Cognitive Aging in Zebrafish}},
journal = {PLoS ONE},
year = {2006},
volume = {1},
number = {1},
pages = {e14--13},
month = dec
}

@article{puckett2015,
author = {Puckett, James G and Ni, Rui and Ouellette, Nicholas T},
title = {{Time-Frequency Analysis Reveals Pairwise Interactions in Insect Swarms}},
journal = {Phys. Rev. Lett.},
year = {2015},
volume = {114},
number = {25},
pages = {258103--5},
month = jun
}

@article{chialvo2015,
author = {Chialvo, Dante and Gonzalez Torrado, Ana Mar{\'\i}a and Gudowska-Nowak, Ewa and Ochab, Jeremi K and Montoya, Pedro and Nowak, Maciej A and Tagliazucchi, Enzo},
title = {{How we move is universal: Scaling in the average shape of human activity}},
journal = {Pap. Phys.},
year = {2015},
volume = {7},
number = {0},
pages = {1--7},
month = mar
}

@article{long2015,
author = {Long, Andrew W and Zhang, Jie and Granick, Steve and Ferguson, Andrew L},
title = {{Machine learning assembly landscapes from particle tracking data}},
journal = {Soft Matter},
year = {2015},
volume = {11},
number = {41},
pages = {8141--8153}
}

@article{puzzo2019,
author = {Puzzo, M Leticia Rubio and De Virgiliis, Andres and Grigera, Tomas S},
title = {{Self-propelled Vicsek particles at low speed and low density}},
journal = {Phys Rev E Stat Phys Plasmas Fluids Relat Interdiscip Topics},
year = {2019},
volume = {99},
number = {5},
pages = {052602},
month = may
}

@article{pita2015,
author = {Pita, Diana and Moore, Bret A and Tyrrell, Luke P and Fern{\'a}ndez-Juricic, Esteban},
title = {{Vision in two cyprinid fish: implications for collective behavior}},
journal = {PeerJ},
year = {2015},
volume = {3},
pages = {e1113--23}
}

@article{brodu2015,
author = {Brodu, Nicolas and Dijksman, Joshua A and Behringer, Robert P},
title = {{Spanning the scales of granular materials through microscopic force imaging}},
journal = {Nat Comms},
year = {2015},
volume = {6},
pages = {1--6},
month = feb
}

@article{harpaz2017,
author = {Harpaz, Roy and Tka{\v c}ik, Ga{\v s}per and Schneidman, Elad},
title = {{Discrete modes of social information processing predict individual behavior of fish in a group.}},
journal = {Proc. Natl. Acad. Sci. U.S.A.},
year = {2017},
volume = {114},
number = {38},
pages = {10149--10154},
month = sep
}

@article{lu2006,
author = {Lu, Peter J and Conrad, Jacinta C and Wyss, Hans M and Schofield, Andrew B and Weitz, David A},
title = {{Fluids of Clusters in Attractive Colloids}},
journal = {Phys. Rev. Lett.},
year = {2006},
volume = {96},
number = {2},
pages = {559--4},
month = jan
}

@article{trenchard2016,
author = {Trenchard, Hugh and Perc, Matja{\v z}},
title = {{Energy saving mechanisms, collective behavior and the variation range hypothesis in biological systems: A review}},
journal = {BioSystems},
year = {2016},
volume = {147},
pages = {40--66},
month = sep
}

@article{lauterbach2010,
author = {Lauterbach, Marcel A and Ullal, Chaitanya K and Westphal, Volker and Hell, Stefan W},
title = {{Dynamic Imaging of Colloidal-Crystal Nanostructures at 200 Frames per Second}},
journal = {Langmuir},
year = {2010},
volume = {26},
number = {18},
pages = {14400--14404},
month = sep
}

@article{wysocki2020,
author = {Wysocki, Adam and Rieger, Heiko},
title = {{Capillary Action in Scalar Active Matter}},
journal = {Phys. Rev. Lett.},
year = {2020},
volume = {124},
number = {4},
pages = {048001},
month = jan
}

@article{bray2010,
author = {Bray, A J},
title = {{Theory of phase-ordering kinetics}},
journal = {Advances in Physics},
year = {2010},
volume = {51},
number = {2},
pages = {481--587},
month = nov
}

@article{dasilva2020,
author = {da Silva, Rodrigo Salazar and Dantas, Vitor Lima Goes and Alves, Leandro Ucela and Batissoco, Ana Carla and Oiticica, Jeanne and Lawrence, Elizabeth A and Kawafi, Abdelwahab and Yang, Yushi and Nicastro, Fernanda St{\'a}vale and Novaes, Beatriz Caiuby and Hammond, Chrissy and Kague, Erika and Netto, Regina C{\'e}lia Mingroni},
title = {{NCOA3 identified as a new candidate to explain autosomal dominant progressive hearing loss}},
journal = {biorxiv},
year = {2020},
volume = {9},
pages = {2020.06.07.138909},
month = jun
}

@article{krishnamurthy2016,
author = {Krishnamurthy, Sudeesh and Ghosh, Subho and Chatterji, Dipankar and Ganapathy, Rajesh and Sood, A K},
title = {{A micrometre-sized heat engine operating between bacterial reservoirs}},
journal = {Nat Phys},
year = {2016},
volume = {12},
number = {12},
pages = {1134--1138},
month = aug
}

@article{stell1963,
author = {Stell, George},
title = {{The Percus-Yevick equation for the radial distribution function of a fluid}},
journal = {Physica},
year = {1963},
volume = {29},
number = {5},
pages = {517--534},
month = may
}

@article{gautrais2012,
author = {Gautrais, Jacques and Ginelli, Francesco and Fournier, Richard and Blanco, St{\'e}phane and Soria, Marc and Chat{\'e}, Hugues and Theraulaz, Guy},
title = {{Deciphering Interactions in Moving Animal Groups}},
journal = {PLoS Comput Biol},
year = {2012},
volume = {8},
pages = {e1002678--},
month = sep
}

@article{miller2007,
author = {Miller, Noam and Gerlai, Robert},
title = {{Quantification of shoaling behaviour in zebrafish (Danio rerio)}},
journal = {Behav. Brain Res.},
year = {2007},
volume = {184},
number = {2},
pages = {157--166},
month = dec
}

@article{gedge2011,
author = {Gedge, Jason and Gong, Minglun and Yang, Yee-Hong},
title = {{Refractive Epipolar Geometry for Underwater Stereo Matching}},
journal = {2011 Canadian Conference on Computer and Robot Vision},
year = {2011},
pages = {146--152},
month = may
}

@article{sarracino2019,
author = {Sarracino, A and Vulpiani, A},
title = {{On the fluctuation-dissipation relation in non-equilibrium and non-Hamiltonian systems.}},
journal = {Chaos},
year = {2019},
volume = {29},
number = {8},
pages = {083132},
month = aug
}

@book{parrish1997,
author = {Parrish, J K and Hamner, W M},
title = {{Animal Groups in Three Dimensions: How Species Aggregate}},
publisher = {Cambridge University Press},
year = {1997},
series = {Animal Groups in Three Dimensions}
}

@article{wieneke2012,
author = {Wieneke, Bernhard},
title = {{Iterative reconstruction of volumetric particle distribution}},
journal = {Meas. Sci. Technol.},
year = {2012},
volume = {24},
number = {2},
pages = {024008--15},
month = dec
}

@article{liu2019,
author = {Liu, Guannan and Patch, Adam and Bahar, Fatmag{\"u}l and Yllanes, David and Welch, Roy D and Marchetti, M Cristina and Thutupalli, Shashi and Shaevitz, Joshua W},
title = {{Self-Driven Phase Transitions Drive Myxococcus xanthus Fruiting Body Formation}},
journal = {Phys. Rev. Lett.},
year = {2019},
volume = {122},
number = {24},
pages = {248102},
month = jun
}

@article{miller2012,
author = {Miller, Noam and Gerlai, Robert},
title = {{From schooling to shoaling: patterns of collective motion in zebrafish (Danio rerio).}},
journal = {PLoS ONE},
year = {2012},
volume = {7},
number = {11},
pages = {e48865}
}

@article{attanasi2015,
author = {Attanasi, Alessandro and Cavagna, Andrea and Castello, Lorenzo Del and Giardina, Irene and Jelic, Asja and Melillo, Stefania and Parisi, Leonardo and Pellacini, Fabio and Shen, Edward and Silvestri, Edmondo and Viale, Massimiliano},
title = {{GReTA-A Novel Global and Recursive Tracking Algorithm in Three Dimensions.}},
journal = {IEEE Trans Pattern Anal Mach Intell},
year = {2015},
volume = {37},
number = {12},
pages = {2451--2463},
month = dec
}

@article{lau2017,
author = {Lau, Bryan and Kedem, Ofer and Schwabacher, James and Kwasnieski, Daniel and Weiss, Emily A},
title = {{An introduction to ratchets in chemistry and biology}},
journal = {Materials Horizons},
year = {2017},
volume = {4},
pages = {310--318},
month = may
}

@article{wood2018,
author = {Wood, Nicholas and Russo, John and Turci, Francesco and Royall, C Patrick},
title = {{Coupling of sedimentation and liquid structure: Influence on hard sphere nucleation}},
journal = {The Journal of Chemical Physics},
year = {2018},
volume = {149},
number = {20},
pages = {204506--8},
month = nov
}

@article{nishizawa2017,
author = {Nishizawa, Kenji and Fujiwara, Kei and Ikenaga, Masahiro and Nakajo, Nobushige and Yanagisawa, Miho and Mizuno, Daisuke},
title = {{Universal glass-forming behavior of in vitro and living cytoplasm}},
journal = {Sci Rep},
year = {2017},
pages = {1--12},
month = nov
}

@article{casagrande1989,
author = {Casagrande, C and Fabre, P and Rapha{\"e}l, E and Veyssi{\'e}, M},
title = {{{\guillemotleft}Janus beads{\guillemotright}: realization and behaviour at water/oil interfaces}},
journal = {Europhys. Lett.},
year = {1989},
volume = {9},
number = {3},
pages = {251--},
month = jun
}

@article{lee2018,
author = {Lee, Chiu Fan and Wurtz, Jean David},
title = {{Novel physics arising from phase transitions in biology}},
journal = {Journal of Physics D: Applied Physics},
year = {2018},
volume = {52},
number = {2},
pages = {023001--22},
month = oct
}

@article{wu1971,
author = {Wu, T Y},
title = {{Hydromechanics of swimming propulsion. Part 3. Swimming and optimum movements of a slender fish with side fins}},
journal = {J. Fluid Mech.},
year = {1971},
volume = {46},
number = {3},
pages = {545--568},
month = n/a
}

@article{ling2018,
author = {Ling, Hangjian and Mclvor, Guillam E and Nagy, Geoff and MohaimenianPour, Sepehr and Vaughan, Richard T and Thornton, Alex and Ouellette, Nicholas T},
title = {{Simultaneous measurements of three-dimensional trajectories and wingbeat frequencies of birds in the field}},
journal = {Journal of The Royal Society Interface},
year = {2018},
volume = {15},
number = {147},
pages = {20180653--11},
month = oct
}

@article{kim2017,
author = {Kim, Oc-Hee and Cho, Hyun-Ju and Han, Enna and Hong, Ted Inpyo and Ariyasiri, Krishan and Choi, Jung-Hwa and Hwang, Kyu-Seok and Jeong, Yun-Mi and Yang, Se-Yeol and Yu, Kweon and Park, Doo-Sang and Oh, Hyun-Woo and Davis, Erica E and Schwartz, Charles E and Lee, Jeong-Soo and Kim, Hyung-Goo and Kim, Cheol-Hee},
title = {{Zebrafish knockout of Down syndrome gene, DYRK1A, shows social impairments relevant to autism}},
year = {2017},
pages = {1--14},
month = sep
}

@article{wilson2019,
author = {Wilson, Alexander D M and Burns, Alicia L J and Crosato, Emanuele and Lizier, Joseph and Prokopenko, Mikhail and Schaerf, Timothy M and Ward, Ashley J W},
title = {{Conformity in the collective: differences in hunger affect individual and group behavior in a shoaling fish}},
journal = {Behavioral Ecology},
year = {2019},
volume = {30},
number = {4},
pages = {968--974},
month = apr
}

@article{estevez2010,
author = {Est{\'e}vez, M Carmen and O{\textquoteright}Donoghue, Meghan B and Chen, Xiaolan and Tan, Weihong},
title = {{Highly fluorescent dye-doped silica nanoparticles increase flow cytometry sensitivity for cancer cell monitoring}},
journal = {Nano Res.},
year = {2010},
volume = {2},
number = {6},
pages = {448--461},
month = mar
}

@article{kaspers2010,
author = {Kaspers, Anne},
title = {{Blob Detection}},
year = {2010},
pages = {1--14},
month = jan
}

@article{marchetti2013,
author = {Marchetti, M C and Joanny, J F and Ramaswamy, S and Liverpool, T B and Prost, J and Rao, Madan and Simha, R Aditi},
title = {{Hydrodynamics of soft active matter}},
journal = {Rev. Mod. Phys.},
year = {2013},
volume = {85},
number = {3},
pages = {1143--1189},
month = jul
}

@article{strobl2016,
author = {Strobl, Severin and Bannerman, Marcus N and P{\"o}schel, Thorsten},
title = {{Stable algorithm for event detection in event-driven particle dynamics: logical states}},
journal = {Computational Particle Mechanics},
year = {2016},
volume = {3},
number = {3},
pages = {383--388},
month = jul
}

@article{czirok1999,
author = {Czir{\'o}k, Andr{\'a}s and Stanley, H Eugene and Vicsek, Tamas},
title = {{Spontaneously ordered motion of self-propelled particles}},
journal = {J. Phys. A: Math. Gen.},
year = {1999},
volume = {30},
number = {5},
pages = {1375--1385},
month = jan
}

@article{palacci2010,
author = {Palacci, J{\'e}r{\'e}mie and Cottin-Bizonne, C{\'e}cile and Ybert, Christophe and Bocquet, Lyd{\'e}ric},
title = {{Sedimentation and Effective Temperature of Active Colloidal Suspensions}},
journal = {Phys. Rev. Lett.},
year = {2010},
volume = {105},
number = {8},
pages = {1--4},
month = aug
}

@article{vicsek1995,
author = {Vicsek, T and CZIROK, A and BENJACOB, E and COHEN, I and SHOCHET, O},
title = {{Novel Type of Phase-Transition in a System of Self-Driven Particles}},
journal = {Phys. Rev. Lett.},
year = {1995},
volume = {75},
number = {6},
pages = {1226--1229}
}

@article{lee2019,
author = {Lee, Edward D and Daniels, Bryan C},
title = {{Convenient Interface to Inverse Ising (ConIII): A Python 3 Package for Solving Ising-Type Maximum Entropy~Models}},
journal = {Journal of Open Research Software},
year = {2019},
volume = {7},
number = {1},
pages = {1--8},
month = mar
}

@article{peruani2011,
author = {Peruani, Fernando and Klauss, Tobias and Deutsch, Andreas and Voss-Boehme, Anja},
title = {{Traffic Jams, Gliders, and Bands in the Quest for Collective Motion of Self-Propelled Particles}},
journal = {Phys. Rev. Lett.},
year = {2011},
volume = {106},
number = {12},
pages = {128101--4},
month = mar
}

@article{reynolds1987,
author = {Reynolds, Craig W},
title = {{FLOCKS, HERDS, AND SCHOOLS: A DISTRIBUTED BEHAVIORAL MODEL.}},
journal = {Computer Graphics (ACM)},
year = {1987},
volume = {21},
number = {4},
pages = {25--34},
month = jan
}

@article{asakura1958,
author = {Asakura, Sho and Oosawa, Fumio},
title = {{Interaction between particles suspended in solutions of macromolecules}},
journal = {Journal of Polymer Science},
year = {1958},
volume = {33},
number = {126},
pages = {183--192},
month = dec
}

@article{carlsson2010,
author = {Carlsson, Tobias and Ekholm, Tobias and Elvingson, Christer},
title = {{Algorithm for generating a Brownian motion on a sphere}},
journal = {J. Phys. A: Math. Theor.},
year = {2010},
volume = {43},
number = {50},
pages = {505001--11},
month = nov
}

@article{bialke2015,
author = {Bialk{\'e}, Julian and Speck, Thomas and L{\"o}wen, Hartmut},
title = {{Active colloidal suspensions: Clustering and phase behavior}},
journal = {J. of Non-Cryst. Sol.},
year = {2015},
volume = {407},
number = {C},
pages = {367--375},
month = jan
}

@article{klamser2018,
author = {Klamser, Juliane U and Kapfer, Sebastian C and Krauth, Werner},
title = {{Thermodynamic phases in two-dimensional active matter}},
journal = {Nat Comms},
year = {2018},
pages = {1--8},
month = nov
}

@article{sussman2018,
author = {Sussman, Daniel M and Schwarz, J M and Marchetti, M Cristina and Manning, M Lisa},
title = {{Soft yet Sharp Interfaces in a Vertex Model of Confluent Tissue}},
journal = {Phys. Rev. Lett.},
year = {2018},
volume = {120},
number = {5},
pages = {058001},
month = jan
}

@article{levy1994,
author = {Levy, Moshe and Levy, Haim and Solomon, Sorin},
title = {{A microscopic model of the stock market. Cycles, booms, and crashes}},
journal = {Economics Letters},
year = {1994},
volume = {45},
number = {1},
pages = {103--111},
month = jan
}

@article{thompson2011,
author = {Thompson, A G and Tailleur, J and Cates, M E and Blythe, R A},
title = {{Lattice models of nonequilibrium bacterial dynamics}},
journal = {J. Stat. Mech.},
year = {2011},
volume = {2011},
number = {02},
pages = {P02029--35},
month = feb
}

@article{yang2014,
author = {Yang, Yushi and Wu, Qingzhi and Wang, Min and Long, Jia and Mao, Zhou and Chen, Xiaohui},
title = {{Hydrothermal Synthesis of Hydroxyapatite with Different Morphologies: Influence of Supersaturation of the Reaction System}},
journal = {Crystal Growth {\&} Design},
year = {2014},
volume = {14},
number = {9},
pages = {4864--4871},
month = sep
}

@article{jee2018,
author = {Jee, Ah-Young and Cho, Yoon-Kyoung and Granick, Steve and Tlusty, Tsvi},
title = {{Catalytic enzymes are active matter.}},
journal = {Proc. Natl. Acad. Sci. U.S.A.},
year = {2018},
volume = {115},
number = {46},
pages = {E10812--E10821},
month = nov
}

@article{dorigo2006,
author = {Dorigo, M and Birattari, M and Stutzle, T},
title = {{Ant colony optimization}},
journal = {IEEE Computational Intelligence Magazine},
year = {2006},
volume = {1},
number = {4},
pages = {28--39},
month = nov
}

@article{gonci2008,
author = {G{\"o}nci, B and Nagy, M and Vicsek, T},
title = {{Phase transition in the scalar noise model of collective motion in three dimensions}},
journal = {Eur. Phys. J. Spec. Top.},
year = {2008},
volume = {157},
number = {1},
pages = {53--59},
month = apr
}

@article{tkavcik2016,
author = {Tka{\v c}ik, Ga{\v s}per and Bialek, William},
title = {{Information Processing in Living Systems}},
journal = {Annu. Rev. Condens. Matter Phys.},
year = {2016},
volume = {7},
number = {1},
pages = {89--117},
month = mar
}

@article{strombom2011,
author = {Str{\"o}mbom, Daniel},
title = {{Collective motion from local attraction}},
journal = {Journal of Theoretical Biology},
year = {2011},
volume = {283},
number = {1},
pages = {145--151},
month = aug
}

@article{baglietto2012,
author = {Baglietto, Gabriel and Albano, Ezequiel V and Candia, Juli{\'a}n},
title = {{Criticality and the onset of ordering in the standard Vicsek model}},
journal = {Interface Focus},
year = {2012},
volume = {2},
number = {6},
pages = {708--714},
month = jul
}

@article{tailleur2009,
author = {Tailleur, J and Cates, M E},
title = {{Sedimentation, trapping, and rectification of dilute bacteria}},
journal = {Europhys. Lett.},
year = {2009},
volume = {86},
number = {6},
pages = {60002--7},
month = jun
}

@article{pearce2015,
author = {Pearce, D J G and Turner, M S},
title = {{Emergent behavioural phenotypes of swarming models revealed by mimicking a frustrated anti-ferromagnet}},
journal = {Journal of The Royal Society Interface},
year = {2015},
volume = {12},
number = {111},
pages = {20150520--7},
month = sep
}

@article{popkin2016,
author = {Popkin, Gabriel},
title = {{The physics of life}},
journal = {Nature},
year = {2016},
volume = {529},
number = {7584},
pages = {16--18}
}

@article{couzin2018,
author = {Couzin, Iain D},
title = {{Collective animal migration}},
journal = {Current Biology},
year = {2018},
volume = {28},
number = {17},
pages = {R976--R980},
month = sep
}

@article{buske2011,
author = {Buske, Christine and Gerlai, Robert},
title = {{Progress in Neuro-Psychopharmacology {\&} Biological Psychiatry}},
journal = {Progress in Neuropsychopharmacology {\&} Biological Psychiatry},
year = {2011},
volume = {35},
number = {6},
pages = {1409--1415},
month = aug
}

@article{royall2018,
author = {Royall, C Patrick and Williams, Stephen R and Tanaka, Hajime},
title = {{Vitrification and gelation in sticky spheres}},
journal = {The Journal of Chemical Physics},
year = {2018},
volume = {148},
number = {4},
pages = {044501--14},
month = jan
}

@article{yigit2020,
author = {Yigit, Berk and Alapan, Yunus and Sitti, Metin},
title = {{Cohesive self-organization of mobile microrobotic swarms}},
journal = {Soft Matter},
year = {2020},
volume = {16},
number = {8},
pages = {1996--2004}
}

@article{mendezvalderrama2018,
author = {M{\'e}ndez-Valderrama, J Felipe and Kinkhabwala, Yunus A and Silver, Jeffrey and Cohen, Itai and Arias, T A},
title = {{Density-functional fluctuation theory of crowds}},
journal = {Nat Comms},
year = {2018},
volume = {9},
number = {1},
pages = {228701--10},
month = aug
}

@incollection{pitcher1986,
author = {Pitcher, Tony J},
title = {{Functions of Shoaling Behaviour in Teleosts}},
booktitle = {The Behaviour of Teleost Fishes},
year = {1986},
pages = {294--337},
publisher = {Springer, Boston, MA},
address = {Boston, MA}
}

@article{butail2016,
author = {Butail, Sachit and Mwaffo, Violet and Porfiri, Maurizio},
title = {{Model-free information-theoretic approach to infer leadership in pairs of zebrafish}},
journal = {Phys. Rev. E},
year = {2016},
volume = {93},
number = {4},
pages = {166--12},
month = apr
}

@article{yang2002,
author = {Yang, Qing and Parvin, Bahram},
title = {{CHEF: Convex hull of elliptic features for 3D blob detection}},
journal = {Proceedings - International Conference on Pattern Recognition},
year = {2002},
volume = {16},
number = {2},
pages = {282--285},
month = jan
}

@article{cicek2016,
author = {{\c C}i{\c c}ek, {\"O}zg{\"u}n and Abdulkadir, Ahmed and Lienkamp, Soeren S and Brox, Thomas and Ronneberger, Olaf},
title = {{3D U-Net: Learning Dense Volumetric Segmentation from Sparse Annotation}},
journal = {arXiv},
year = {2016},
eprint = {1606.06650},
eprinttype = {arxiv},
eprintclass = {cs.CV},
pages = {arXiv:1606.06650},
month = jun
}

@article{cerbino2008,
author = {Cerbino, Roberto and Trappe, Veronique},
title = {{Differential Dynamic Microscopy: Probing Wave Vector Dependent Dynamics with a Microscope}},
journal = {Phys. Rev. Lett.},
year = {2008},
volume = {100},
number = {18},
pages = {4151--4},
month = may
}

@article{williams2015,
author = {Williams, Ian and Oguz, Erdal C and Speck, Thomas and Bartlett, Paul and L{\"o}wen, Hartmut and Royall, C Patrick},
title = {{Transmission of torque at the nanoscale}},
journal = {Nat Phys},
year = {2015},
volume = {12},
number = {1},
pages = {98--103},
month = oct
}

@article{becco2006,
author = {Becco, Ch and Vandewalle, N and Delcourt, J and Poncin, P},
title = {{Experimental evidences of a structural and dynamical transition in fish school}},
journal = {Physica A: Statistical Mechanics and its Applications},
year = {2006},
volume = {367},
pages = {487--493},
month = jul
}

@article{becco2006pasma,
author = {Becco, Ch and Vandewalle, N and Delcourt, J and Poncin, P},
title = {{Experimental evidences of a structural and dynamical transition in fish school}},
journal = {Physica A: Statistical Mechanics and its Applications},
year = {2006},
volume = {367},
pages = {487--493},
month = jul
}

@article{saberioon2016,
author = {Saberioon, M M and Cisar, P},
title = {{Automated multiple fish tracking in three-Dimension using a Structured Light Sensor}},
journal = {Computers and Electronics in Agriculture},
year = {2016},
volume = {121},
number = {C},
pages = {215--221},
month = feb
}

@article{sakai2020,
author = {Saka{\"\i}, Nariaki and Royall, C Patrick},
title = {{Active Dipolar Colloids in Three Dimensions: Strings, Sheets, Labyrinthine Textures and Crystals}},
journal = {arXiv},
year = {2020},
eprint = {2010.03925v1},
eprinttype = {arxiv},
eprintclass = {2010},
pages = {arXiv:2010.03925},
month = oct
}

@article{anonymous2020,
title = {{Pinching a glass reveals key properties of its soft spots}},
year = {2020},
pages = {1--7},
month = feb
}

@article{ornes2017,
author = {Ornes, Stephen},
title = {{Core Concept: How nonequilibrium thermodynamics speaks to the mystery of life}},
journal = {Proceedings of the National Academy of Sciences},
year = {2017},
volume = {114},
number = {3},
pages = {423--424},
month = jan
}

@book{krauth2006,
author = {Krauth, W},
title = {{Statistical Mechanics: Algorithms and Computations}},
publisher = {Oxford University Press, UK},
year = {2006},
series = {Oxford Master Series in Physics}
}

@article{martiniani2019,
author = {Martiniani, Stefano and Chaikin, Paul M and Levine, Dov},
title = {{Quantifying Hidden Order out of Equilibrium}},
journal = {Physical Review X},
year = {2019},
volume = {9},
number = {1},
pages = {011031},
month = feb
}

@article{wang2018,
author = {Wang, Yifan and Perazzi, Federico and McWilliams, Brian and Sorkine-Hornung, Alexander and Sorkine-Hornung, Olga and Schroers, Christopher},
title = {{A Fully Progressive Approach to Single-Image Super-Resolution}},
journal = {arXiv},
year = {2018},
eprint = {1804.02900},
eprinttype = {arxiv},
eprintclass = {1804},
pages = {arXiv:1804.02900},
month = apr
}

@article{aarts2004,
author = {Aarts, Dirk G A L and Schmidt, Matthias and Lekkerkerker, Henk N W},
title = {{Direct Visual Observation of Thermal Capillary Waves}},
journal = {Science},
year = {2004},
volume = {304},
number = {5672},
pages = {847--850},
month = may
}

@article{redner2013,
author = {Redner, Gabriel S and Hagan, Michael F and Baskaran, Aparna},
title = {{Structure and Dynamics of a Phase-Separating Active Colloidal Fluid}},
journal = {Phys. Rev. Lett.},
year = {2013},
volume = {110},
number = {5},
pages = {055701--5},
month = jan
}

@article{flenner2015,
author = {Flenner, Elijah and Szamel, Grzegorz},
title = {{Fundamental differences between glassy dynamics in two and three dimensions.}},
journal = {Nat Comms},
year = {2015},
volume = {6},
number = {1},
pages = {7392},
month = jun
}

@article{munoz2018,
author = {Mu{\~n}oz, Miguel A},
title = {{Colloquium: Criticality and dynamical scaling in living systems}},
journal = {Rev. Mod. Phys.},
year = {2018},
volume = {90},
number = {3},
pages = {031001},
month = jul
}

@article{handegard2012,
author = {Handegard, Nils Olav and Boswell, Kevin M and Ioannou, Christos C and Leblanc, Simon P and Tj{\o}stheim, Dag B and Couzin, Iain D},
title = {{The Dynamics of Coordinated Group Hunting and Collective Information Transfer among Schooling Prey}},
journal = {Current Biology},
year = {2012},
volume = {22},
number = {13},
pages = {1213--1217},
month = jul
}

@article{snyder1992,
author = {Snyder, John M and Kajiya, James T},
title = {{Generative modeling - a symbolic system for geometric modeling.}},
journal = {Computer Graphics (ACM)},
year = {1992},
volume = {26},
number = {2},
pages = {369--378}
}

@book{camazine2003,
author = {Camazine, Scott and Deneubourg, Jean-Louis and Franks, Nigel R and Sneyd, James and Bonabeau, Eric and Theraula, Guy},
title = {{Self-organization in Biological Systems}},
publisher = {Princeton University Press},
year = {2003},
month = sep
}

@article{pham2002,
author = {Pham, K N and Puertas, A M and Bergenholtz, J and Egelhaaf, S U and Moussaid, A and Pusey, P N and {Schofield, AB} and Cates, M E and Fuchs, M and Poon, WCK},
title = {{Multiple glassy states in a simple model system}},
journal = {Science},
year = {2002},
volume = {296},
number = {5565},
pages = {104--106}
}

@article{hornischer2017,
author = {Hornischer, Hannes and Herminghaus, Stephan and Mazza, Marco G},
title = {{Intelligence of agents produces a structural phase transition in collective behaviour}},
journal = {arXiv},
year = {2017},
eprint = {1706.01458},
eprinttype = {arxiv},
eprintclass = {physics.soc-ph},
pages = {arXiv:1706.01458},
month = jun
}

@article{yang1952,
author = {Yang, C N and Lee, T D},
title = {{Statistical Theory of Equations of State and Phase Transitions. I. Theory of Condensation}},
journal = {Phys. Rev.},
year = {1952},
volume = {87},
number = {3},
pages = {404--409},
month = aug
}

@article{crosato2018,
author = {Crosato, Emanuele and Jiang, Li and Lecheval, Valentin and Lizier, Joseph T and Wang, X Rosalind and Tichit, Pierre and Theraulaz, Guy and Prokopenko, Mikhail},
title = {{Informative and misinformative interactions in a school of fish}},
journal = {Swarm Intelligence},
year = {2018},
pages = {1--23},
month = mar
}

@article{mani2018,
author = {Mani, Karthick and Hsieh, Yu-Che and Panigrahi, Bivas and Chen, Chia-Yuan},
title = {{A noninvasive light driven technique integrated microfluidics for zebrafish larvae transportation}},
journal = {Biomicrofluidics},
year = {2018},
volume = {12},
number = {2},
pages = {021101--5},
month = mar
}

@article{makris2009,
author = {Makris, Nicholas C and Ratilal, Purnima and Jagannathan, Srinivasan and Gong, Zheng and Andrews, Mark and Bertsatos, Ioannis and God{\o}, Olav Rune and Nero, Redwood W and Jech, J Michael},
title = {{Critical population density triggers rapid formation of vast oceanic fish shoals.}},
journal = {Science},
year = {2009},
volume = {323},
number = {5922},
pages = {1734--1737},
month = mar
}

@article{puckett2018,
author = {Puckett, James G and Pokhrel, Aawaz R and Giannini, Julia A},
title = {{Collective gradient sensing in fish schools}},
journal = {Sci Rep},
year = {2018},
pages = {1--11},
month = may
}

@article{cavagna2014,
author = {Cavagna, Andrea and Giardina, Irene and Ginelli, Francesco and Mora, Thierry and Piovani, Duccio and Tavarone, Raffaele and Walczak, Aleksandra M},
title = {{Dynamical maximum entropy approach to flocking}},
journal = {Phys. Rev. E},
year = {2014},
volume = {89},
number = {4},
pages = {97--10},
month = apr
}

@phdthesis{pinney2016,
author = {Pinney, Rhiannon},
title = {{Recasting a Model Atomistic Glassformer Into an Effective System of Icosahedra}},
year = {2016},
month = sep
}

@article{toner1995,
author = {Toner, John and Tu, Yuhai},
title = {{Long-range order in a two-dimensional dynamical XY model: How birds fly together}},
journal = {Phys. Rev. Lett.},
year = {1995},
volume = {75},
number = {23},
pages = {4326--4329},
month = jan
}

@article{bertero2009,
author = {Bertero, M and Boccacci, P and Desider{\`a}, G and Vicidomini, G},
title = {{Image deblurring with Poisson data: from cells to galaxies}},
journal = {Inverse Problems},
year = {2009},
volume = {25},
number = {12},
pages = {123006--27},
month = nov
}

@article{cachat2011,
author = {Cachat, Jonathan and Stewart, Adam and Utterback, Eli and Hart, Peter and Gaikwad, Siddharth and Wong, Keith and Kyzar, Evan and Wu, Nadine and Kalueff, Allan V},
title = {{Three-Dimensional Neurophenotyping of Adult Zebrafish Behavior}},
journal = {PLoS ONE},
year = {2011},
volume = {6},
number = {3},
pages = {e17597--14},
month = mar
}

@article{moussaid2011,
author = {Moussaid, Mehdi and Helbing, Dirk and Theraulaz, Guy},
title = {{How simple rules determine pedestrian behavior and crowd disasters}},
journal = {Proceedings of the National Academy of Sciences},
year = {2011},
volume = {108},
number = {17},
pages = {6884--6888}
}

@inproceedings{moore2010,
author = {Moore, Carl and Duckworth, Toby and Aspin, Rob and Roberts, David},
title = {{Synchronization of Images from Multiple Cameras to Reconstruct a Moving Human}},
booktitle = {2010 IEEE/ACM 14th International Symposium on Distributed Simulation and Real Time Applications (DS-RT)},
year = {2010},
pages = {53--60},
publisher = {IEEE},
month = sep
}

@inproceedings{wang2017notpaper,
author = {Wang, Shuo Hong and Liu, Xiang and Zhao, Jingwen and Liu, Ye and Chen, Yan Qiu},
title = {{3D tracking swimming fish school using a master view tracking first strategy}},
booktitle = {Proceedings - 2016 IEEE International Conference on Bioinformatics and Biomedicine, BIBM 2016},
year = {2017},
pages = {516--519},
organization = {Shanghai University of Engineering Science, Shanghai, China},
publisher = {IEEE},
month = jan
}

@book{hartley2003,
author = {Hartley, R and Zisserman, A},
title = {{Multiple View Geometry in Computer Vision}},
publisher = {Cambridge University Press},
year = {2003},
series = {Cambridge books online}
}

@article{wieneke2012mst,
author = {Wieneke, Bernhard},
title = {{Iterative reconstruction of volumetric particle distribution}},
journal = {Meas. Sci. Technol.},
year = {2012},
volume = {24},
number = {2},
pages = {024008--15},
month = dec
}

@article{schreiber2000,
author = {Schreiber, T},
title = {{Measuring information transfer}},
journal = {Phys. Rev. Lett.},
year = {2000},
volume = {85},
number = {2},
pages = {461--464}
}

@article{meakin1983,
author = {Meakin, P},
title = {{Formation of Fractal Clusters and Networks by Irreversible Diffusion-Limited Aggregation}},
journal = {Phys. Rev. Lett.},
year = {1983},
volume = {51},
number = {13},
pages = {1119--1122}
}

@article{milanovic1998,
author = {MILANOVI{\'{C}}, L J and POSCH, H A and HOOVER, Wm G},
title = {{{\textquotedblleft}What is {\textquoteleft}liquid{\textquoteright}? Understanding the states of matter{\textquotedblright}}},
journal = {Molecular Physics},
year = {1998},
volume = {95},
number = {2},
pages = {281--287}
}

@article{jia2015,
author = {Jia, Yongnan and Wang, Long},
title = {{Leader{\textendash}Follower Flocking of Multiple Robotic Fish}},
journal = {IEEE/ASME Trans. Mechatron.},
year = {2015},
volume = {20},
number = {3},
pages = {1372--1383},
month = may
}

@book{forster1975,
author = {Forster, D},
title = {{Hydrodynamic Fluctuations, Broken Symmetry, and Correlation Functions}},
publisher = {W. A. Benjamin, Advanced Book Program},
year = {1975},
series = {Frontiers in physics}
}

@article{pu2016,
author = {Pu, Zonghua and Saana Amiinu, Ibrahim and Wang, Min and Yang, Yushi and Mu, Shichun},
title = {{Semimetallic MoP 2: an active and stable hydrogen evolution electrocatalyst over the whole pH range}},
journal = {Nanoscale},
year = {2016},
volume = {8},
number = {16},
pages = {8500--8504}
}

@article{bricard2013,
author = {Bricard, Antoine and Caussin, Jean-Baptiste and Desreumaux, Nicolas and Dauchot, Olivier and Bartolo, Denis},
title = {{Emergence of macroscopic directed motion in populations of motile colloids}},
journal = {Nature},
year = {2013},
volume = {503},
number = {7474},
pages = {95--98},
month = oct
}

@article{ruderman1994,
author = {Ruderman, Daniel L and Bialek, William},
title = {{Statistics of natural images: Scaling in the woods}},
journal = {Phys. Rev. Lett.},
year = {1994},
volume = {73},
number = {6},
pages = {814--817},
month = aug
}

@article{boattini2019,
author = {Boattini, Emanuele and Dijkstra, Marjolein and Filion, Laura},
title = {{Unsupervised learning for local structure detection in colloidal systems}},
journal = {The Journal of Chemical Physics},
year = {2019},
pages = {1--13},
month = oct
}

@article{lee1952,
author = {Lee, T D and Yang, C N},
title = {{Statistical Theory of Equations of State and Phase Transitions. II. Lattice Gas and Ising Model}},
journal = {Phys. Rev.},
year = {1952},
volume = {87},
number = {3},
pages = {410--419},
month = aug
}

@article{parrish2002,
author = {Parrish, Julia K and Viscido, Steven V and Gr{\"u}nbaum, Daniel},
title = {{Self-Organized Fish Schools: An Examination of Emergent Properties}},
journal = {Biological Bulletin},
year = {2002},
volume = {202},
number = {3},
pages = {296--305}
}

@article{calovi2014,
author = {Calovi, Daniel S and Lopez, Ugo and Ngo, Sandrine and Sire, Cl{\'e}ment and Chat{\'e}, Hugues and Theraulaz, Guy},
title = {{Swarming, schooling, milling: phase diagram of a data-driven fish school model}},
journal = {New J. Phys.},
year = {2014},
volume = {16},
number = {1},
pages = {015026--16},
month = jan
}

@article{loi2008,
author = {Loi, Davide and Mossa, Stefano and Cugliandolo, Leticia F},
title = {{Effective temperature of active matter}},
journal = {Phys. Rev. E},
year = {2008},
volume = {77},
number = {5},
pages = {051111--4},
month = may
}

@article{crameri2020,
author = {Crameri, Fabio and Shephard, Grace E and Heron, Philip J},
title = {{The misuse of colour in science communication}},
journal = {Nat Comms},
year = {2020},
pages = {1--10},
month = oct
}

@article{castranova2011,
author = {Castranova, Daniel and Lawton, Angela and Lawrence, Christian and Baumann, Diana P and Best, Jason and Coscolla, Jordi and Doherty, Amy and Ramos, Juan and Hakkesteeg, Jenna and Wang, Chongmin and Wilson, Carole and Malley, James and Weinstein, Brant M},
title = {{The Effect of Stocking Densities on Reproductive Performance in Laboratory Zebrafish ( Danio rerio)}},
journal = {Zebrafish},
year = {2011},
volume = {8},
number = {3},
pages = {141--146},
month = sep
}

@article{wang2004,
author = {Wang, Z and Bovik, A C and Sheikh, H R and Simoncelli, E P},
title = {{Image Quality Assessment: From Error Visibility to Structural Similarity}},
journal = {IEEE Trans. on Image Process.},
year = {2004},
volume = {13},
number = {4},
pages = {600--612},
month = apr
}

@article{debenedetti2001,
author = {Debenedetti, P G and Stillinger, F H},
title = {{Supercooled liquids and the glass transition}},
journal = {Nature},
year = {2001},
volume = {410},
number = {6825},
pages = {259--267}
}

@article{reichman2005,
author = {Reichman, David R and Charbonneau, Patrick},
title = {{Mode-coupling theory}},
journal = {J. Stat. Mech.},
year = {2005},
volume = {05},
number = {5},
pages = {267--289},
month = may
}

@article{li2016,
author = {Li, Jialiang and Fu, Xinning and Mao, Zhou and Yang, Yushi and Qiu, Tong and Wu, Qingzhi},
title = {{Synthesis of PtM (M=Co, Ni)/Reduced Graphene Oxide Nanocomposites as Electrocatalysts for the Oxygen Reduction Reaction}},
journal = {Nanoscale Res Lett},
year = {2016},
volume = {11},
number = {1},
pages = {3},
month = jan
}

@article{dusch2007,
author = {Dusch, E and Dorval, T and Vincent, N and Wachsmuth, M and Genovesio, A},
title = {{Three-dimensional point spread function model for line-scanning confocal microscope with high-aperture objective}},
journal = {J Microsc},
year = {2007},
volume = {228},
number = {2},
pages = {132--138},
month = nov
}

@article{reynolds2017,
author = {Reynolds, Andrew M and Sinhuber, Michael and Ouellette, Nicholas T},
title = {{Are midge swarms bound together by an effective velocity-dependent gravity?}},
journal = {Eur. Phys. J. E.},
year = {2017},
volume = {40},
number = {4},
pages = {4766--4},
month = apr
}

@article{goldstein1951,
author = {GOLDSTEIN, S},
title = {{ON DIFFUSION BY DISCONTINUOUS MOVEMENTS, AND ON THE TELEGRAPH EQUATION}},
journal = {Q J Mechanics Appl Math},
year = {1951},
volume = {4},
number = {2},
pages = {129--156}
}

@article{wysocki2014,
author = {Wysocki, Adam and Winkler, Roland G and Gompper, Gerhard},
title = {{Cooperative motion of active Brownian spheres in three-dimensional dense suspensions}},
journal = {Europhys. Lett.},
year = {2014},
volume = {105},
number = {4},
pages = {48004--7},
month = mar
}

@article{rosemberg2011,
author = {Rosemberg, Denis B and Rico, Eduardo P and Mussulini, Ben Hur M and Piato, {\^A}ngelo L and Calcagnotto, Maria E and Bonan, Carla D and Dias, Renato D and Blaser, Rachel E and Souza, Diogo O and de Oliveira, Diogo L},
title = {{Differences in Spatio-Temporal Behavior of Zebrafish in the Open Tank Paradigm after a Short-Period Confinement into Dark and Bright Environments}},
journal = {PLoS ONE},
year = {2011},
volume = {6},
number = {5},
pages = {e19397--11},
month = may
}

@article{dougan2016,
author = {Dougan, Niamh and Crowther, Peter and Patrick Royall, C and Turci, Francesco},
title = {{Controlling local order of athermal self-propelled particles}},
journal = {J. Stat. Mech.},
year = {2016},
volume = {2016},
number = {12},
pages = {124001--12},
month = dec
}

@article{klein2019,
author = {Klein, Karsten and Sommer, Bj{\"o}rn and Nim, Hieu T and Flack, Andrea and Safi, Kamran and Nagy, M{\'a}t{\'e} and Feyer, Stefan P and Zhang, Ying and Rehberg, Kim and Gluschkow, Alexej and Quetting, Michael and Fiedler, Wolfgang and Wikelski, Martin and Schreiber, Falk},
title = {{Fly with the flock: immersive solutions for animal movement visualization and analytics}},
journal = {Journal of The Royal Society Interface},
year = {2019},
volume = {16},
number = {153},
pages = {20180794--10},
month = apr
}

@article{tinsley2008,
author = {Tinsley, M R and Steele, A J and Showalter, K},
title = {{Collective behavior of particle-like chemical waves}},
journal = {Eur. Phys. J. Spec. Top.},
year = {2008},
volume = {165},
number = {1},
pages = {161--167},
month = dec
}

@article{yang2016,
author = {Yang, Yushi and Mao, Zhou and Huang, Wenjie and Liu, Lihua and Li, Junli and Li, Jialiang and Wu, Qingzhi},
title = {{Redox enzyme-mimicking activities of CeO<sub>2</sub> nanostructures: Intrinsic influence of exposed facets}},
journal = {Sci Rep},
year = {2016},
volume = {6},
number = {1},
pages = {srep35344},
month = oct
}

@article{wang2015,
author = {Wang, Min and Yang, Yushi and Long, Jia and Mao, Zhou and Qiu, Tong and Wu, Qingzhi and Chen, Xiaohui},
title = {{Synthesis of Pt3Ni microspheres with high performance for rapid degradation of organic dyes}},
journal = {Nanoscale Res Lett},
year = {2015},
volume = {10},
number = {1},
pages = {335},
month = may
}

@article{patrickroyall2008,
author = {Patrick Royall, C and Williams, Stephen R and Ohtsuka, Takehiro and Tanaka, Hajime},
title = {{Direct observation of a local structural mechanism for dynamic arrest}},
journal = {Nat Mater},
year = {2008},
volume = {7},
number = {7},
pages = {556--561},
month = jun
}

@article{ingebrigtsen2019,
author = {Ingebrigtsen, Trond S and Dyre, Jeppe C and Schr{\o}der, Thomas B and Royall, C Patrick},
title = {{Crystallization Instability in Glass-Forming Mixtures}},
journal = {Physical Review X},
year = {2019},
volume = {9},
number = {3},
pages = {031016},
month = aug
}

@article{scholz2018,
author = {Scholz, Christian and Jahanshahi, Soudeh and Ldov, Anton and L{\"o}wen, Hartmut},
title = {{Inertial delay of self-propelled particles}},
journal = {Nat Comms},
year = {2018},
pages = {1--9},
month = nov
}

@article{grunbaum2005,
author = {Grunbaum, D and Viscido, S and Parrish, J K},
title = {{Extracting interactive control algorithms from group dynamics of schooling fish}},
journal = {Cooperative Control},
year = {2005},
volume = {309},
pages = {103--117}
}

@article{china2014,
author = {China, V and Holzman, R},
title = {{Hydrodynamic starvation in first-feeding larval fishes}},
journal = {Proceedings of the National Academy of Sciences},
year = {2014},
volume = {111},
number = {22},
pages = {8083--8088},
month = jun
}

@article{sidky2006,
author = {Sidky, Emil Y and Kao, Chien-Min and Pan, Xiaochuan},
title = {{Accurate image reconstruction from few-views and limited-angle data in divergent-beam CT}},
journal = {Journal of X-Ray Science and Technology},
year = {2006},
volume = {14},
number = {2},
pages = {119--139}
}

@book{bastien2020,
author = {Bastien, Renaud and Romanczuk, Pawel Piotr},
title = {{A Model of Collective Behavior Based Purely on Vision}},
publisher = {American Association for the Advancement of Science},
year = {2020},
volume = {6},
address = {Department of Collective Behavior, Max Planck Institute for Ornithology, Konstanz, Germany.}
}

@article{marconi2016,
author = {Marconi, Umberto Marini Bettolo and Gnan, Nicoletta and Paoluzzi, Matteo and Maggi, Claudio and Di Leonardo, Roberto},
title = {{Velocity distribution in active particles systems}},
journal = {Sci Rep},
year = {2016},
pages = {1--9},
month = mar
}

@article{li2008,
author = {Li, G and Liu, T and Nie, J and Guo, L and Chen, J and Zhu, J and Xia, W and Mara, A and Holley, S and Wong, S T C},
title = {{Segmentation of touching cell nuclei using gradient flow tracking}},
journal = {J Microsc},
year = {2008},
volume = {231},
number = {1},
pages = {47--58},
month = jul
}

@article{speck2012,
author = {Speck, Thomas and Malins, Alex and Royall, C Patrick},
title = {{First-Order Phase Transition in a Model Glass Former: Coupling of Local Structure and Dynamics}},
journal = {Phys. Rev. Lett.},
year = {2012},
volume = {109},
number = {19},
pages = {195703--5},
month = nov
}

@article{berthier2016,
author = {Berthier, Ludovic and Ediger, Mark D},
title = {{Facets of Glass Physics}},
journal = {arXiv},
year = {2016},
volume = {69},
number = {1},
pages = {40--46},
month = jan
}

@article{fily2012,
author = {Fily, Yaouen and Marchetti, M Cristina},
title = {{Athermal Phase Separation of Self-Propelled Particles with No Alignment}},
journal = {Phys. Rev. Lett.},
year = {2012},
volume = {108},
number = {23},
pages = {235702--5},
month = jun
}

@article{canzian2017,
author = {Canzian, Julia and Fontana, Barbara D and Quadros, Vanessa A and Rosemberg, Denis B},
title = {{Conspecific alarm substance differently alters group behavior of zebrafish populations: Putative involvement of cholinergic and purinergic signaling in anxiety- and fear-like responses}},
journal = {Behav. Brain Res.},
year = {2017},
volume = {320},
pages = {255--263},
month = mar
}

@article{berthier2005,
author = {Berthier, L and Biroli, G and Bouchaud, J P and Cipelletti, L and El Masri, D and L'Hote, D and Ladieu, F and Pierno, M},
title = {{Direct experimental evidence of a growing length scale accompanying the glass transition}},
journal = {Science},
year = {2005},
volume = {310},
number = {5755},
pages = {1797--1800}
}

@article{romenskyy2017,
author = {Romenskyy, Maksym and Herbert-Read, James E and Ward, Ashley J W and Sumpter, David J T},
title = {{Body size affects the strength of social interactions and spatial organization of a schooling fish ( Pseudomugil signifer)}},
journal = {R. Soc. open sci.},
year = {2017},
volume = {4},
number = {4},
pages = {161056--10},
month = apr
}

@article{tkavcik2013,
author = {Tka{\v c}ik, Ga{\v s}per and Marre, Olivier and Mora, Thierry and Amodei, Dario and Berry, Michael J II and Bialek, William},
title = {{The simplest maximum entropy model for collective behavior in a neural network}},
journal = {J. Stat. Mech.},
year = {2013},
volume = {2013},
number = {3},
month = mar
}

@article{frangipane2018,
author = {Frangipane, Giacomo and Dell'Arciprete, Dario and Petracchini, Serena and Maggi, Claudio and Saglimbeni, Filippo and Bianchi, Silvio and Vizsnyiczai, Gaszton and Bernardini, Maria Lina and Di Leonardo, Roberto},
title = {{Dynamic density shaping of photokinetic E. coli.}},
journal = {Elife},
year = {2018},
volume = {7},
pages = {768},
month = aug
}

@article{mandal2020,
author = {Mandal, Rituparno and Bhuyan, Pranab Jyoti and Chaudhuri, Pinaki and Dasgupta, Chandan and Rao, Madan},
title = {{Extreme active matter at high densities}},
journal = {Nat Comms},
year = {2020},
pages = {1--8},
month = may
}

@article{poon2012,
author = {Poon, Wilson C K and Weeks, Eric R and Royall, C Patrick},
title = {{On measuring colloidal volume fractions}},
journal = {Soft Matter},
year = {2012},
volume = {8},
number = {1},
pages = {21--30}
}

@article{anonymous2017,
title = {{Tracking Zebrafish in 3D using Stereo Vision}},
year = {2017},
pages = {1--100},
month = jun
}

@phdthesis{wood2019,
author = {Wood, Nicholas},
title = {{Hard Sphere Nucleation Rates}},
year = {2019},
month = oct
}

@article{vandervaart2019,
author = {van der Vaart, Kasper and Sinhuber, Michael and Reynolds, Andrew M and Ouellette, Nicholas T},
title = {{Mechanical spectroscopy of insect swarms}},
journal = {Science Advances},
year = {2019},
volume = {5},
number = {7},
pages = {eaaw9305},
month = jul
}

@article{hodneland2013,
author = {Hodneland, Erlend and K{\"o}gel, Tanja and Frei, Dominik Michael and Gerdes, Hans-Hermann and Lundervold, Arvid},
title = {{CellSegm - a MATLAB toolbox for high-throughput 3D cell segmentation.}},
journal = {Source Code Biol Med},
year = {2013},
volume = {8},
number = {1},
pages = {16},
month = aug
}

@article{paxton2004,
author = {Paxton, Walter F and Kistler, Kevin C and Olmeda, Christine C and Sen, Ayusman and St Angelo, Sarah K and Cao, Yanyan and Mallouk, Thomas E and Lammert, Paul E and Crespi, Vincent H},
title = {{Catalytic Nanomotors:~ Autonomous Movement of Striped Nanorods}},
journal = {J. Am. Chem. Soc.},
year = {2004},
volume = {126},
number = {41},
pages = {13424--13431},
month = oct
}

@article{chvykov2021,
author = {Chvykov, Pavel and Berrueta, Thomas A and Vardhan, Akash and Savoie, William and Samland, Alexander and Murphey, Todd D and Wiesenfeld, Kurt and Goldman, Daniel I and England, Jeremy L},
title = {{Low rattling: A predictive principle for self-organization in active collectives.}},
journal = {Science},
year = {2021},
volume = {371},
number = {6524},
pages = {90--95},
month = jan
}

@article{butailandmanoukis2011,
author = {{Butail} and Manoukis, Sachit and Moussa, Nicholas Chirivas and Yaro, Diallo and Dao, Alpha Seydou and Traore, Adama and Ribeiro, Cheick and Lehmann, Jose and Paley, Tovi and {Derek}},
title = {{3D Tracking of Mating Events in Wild Swarms of the Malaria Mosquito Anopheles Gambiae}},
year = {2011},
pages = {1--4},
month = jun
}

@article{yamada2003,
author = {Yamada, Daizou and Hondou, Tsuyoshi and Sano, Masaki},
title = {{Coherent dynamics of an asymmetric particle in a vertically vibrating bed}},
journal = {Phys Rev E Stat Phys Plasmas Fluids Relat Interdiscip Topics},
year = {2003},
volume = {67},
number = {4},
pages = {1779--4},
month = apr
}

@article{silverberg2013,
author = {Silverberg, Jesse L and Bierbaum, Matthew and Sethna, James P and Cohen, Itai},
title = {{Collective Motion of Humans in Mosh and Circle Pits at Heavy Metal Concerts}},
journal = {Phys. Rev. Lett.},
year = {2013},
volume = {110},
number = {22},
pages = {617--5},
month = may
}

@article{parthasarathy2012,
author = {Parthasarathy, Raghuveer},
title = {{Rapid, accurate particle tracking by calculation of radial symmetry centers}},
journal = {Nat Meth},
year = {2012},
volume = {9},
number = {7},
pages = {724--726},
month = jun
}

@article{bertrand2015,
author = {Bertrand, Louise},
title = {{Microsoft PowerPoint - Sarah STED 3X sample prep.pptx}},
year = {2015},
pages = {1--54},
month = jun
}

@article{grady2006,
author = {Grady, Leo},
title = {{Random walks for image segmentation}},
journal = {IEEE Trans Pattern Anal Mach Intell},
year = {2006},
volume = {28},
number = {11},
pages = {1768--1783},
month = dec
}

@article{berrondo2015,
author = {Berrondo, Manuel and Sandoval, Mario},
title = {{Defining emergence: Learning from flock behavior}},
journal = {Complexity},
year = {2015},
volume = {21},
number = {S1},
pages = {69--78},
month = jul
}

@article{zhouwangandbovik2009,
author = {Zhou Wang and Bovik, A C},
title = {{Mean squared error: Love it or leave it? A new look at Signal Fidelity Measures}},
journal = {IEEE Signal Process. Mag.},
year = {2009},
volume = {26},
number = {1},
pages = {98--117},
month = jan
}

@article{levin2011,
author = {Levin, A and Weiss, Y and Durand, F and Freeman, W T},
title = {{Understanding Blind Deconvolution Algorithms}},
journal = {IEEE Trans Pattern Anal Mach Intell},
year = {2011},
volume = {33},
number = {12},
pages = {2354--2367},
month = oct
}

@article{nagy2006,
author = {Nagy, M{\'a}t{\'e} and Daruka, Istvan and Vicsek, Tamas},
title = {{New aspects of the continuous phase transition in the scalar noise model (SNM) of collective motion}},
journal = {arXiv},
year = {2006},
eprint = {nlin/0611031v1},
eprinttype = {arxiv},
eprintclass = {nlin.AO},
pages = {445--454},
month = nov
}

@article{bonnet2018,
author = {Bonnet, Frank and Gribovskiy, Alexey and Halloy, Jos{\'e} and Mondada, Francesco},
title = {{Closed-loop interactions between a shoal of zebrafish and a group of robotic fish in a circular corridor}},
journal = {Swarm Intelligence},
year = {2018},
volume = {12},
number = {3},
pages = {227--244},
month = jan
}

@article{tanaka2010,
author = {Tanaka, Hajime and Kawasaki, Takeshi and Shintani, Hiroshi and Watanabe, Keiji},
title = {{Critical-like behaviour of glass-forming liquids}},
journal = {Nature Publishing Group},
year = {2010},
volume = {9},
number = {4},
pages = {324--331},
month = feb
}

@article{transtrum2010,
author = {Transtrum, Mark K and Machta, Benjamin B and Sethna, James P},
title = {{Why are Nonlinear Fits to Data so Challenging?}},
journal = {Phys. Rev. Lett.},
year = {2010},
volume = {104},
number = {6},
pages = {1--4},
month = feb
}

@article{ezaki2020,
author = {Ezaki, Takahiro and dos Reis, Elohim Fonseca and Watanabe, Takamitsu and Sakaki, Michiko and Masuda, Naoki},
title = {{Closer to critical resting-state neural dynamics in individuals with higher fluid intelligence}},
journal = {Communications Biology},
year = {2020},
pages = {1--9},
month = jan
}

@article{mwaffo2016,
author = {Mwaffo, Violet and Butail, Sachit and Porfiri, Maurizio},
title = {{In-silico experiments of zebrafish behaviour: modeling swimming in three dimensions}},
journal = {Sci Rep},
year = {2016},
pages = {1--18},
month = dec
}

@article{toner2005,
author = {Toner, John and Tu, Yuhai and Ramaswamy, Sriram},
title = {{Hydrodynamics and phases of flocks}},
journal = {Annals of Physics},
year = {2005},
volume = {318},
number = {1},
pages = {170--244},
month = jul
}

@article{dyson2015,
author = {Dyson, Louise and Yates, Christian A and Buhl, Jerome and McKane, Alan J},
title = {{Onset of collective motion in locusts is captured by a minimal model}},
journal = {Phys. Rev. E},
year = {2015},
volume = {92},
number = {5},
pages = {052708--7},
month = nov
}

@article{vandervaart2020,
author = {van der Vaart, Kasper and Sinhuber, Michael and Reynolds, Andrew M and Ouellette, Nicholas T},
title = {{Environmental perturbations induce correlations in midge swarms}},
journal = {Journal of The Royal Society Interface},
year = {2020},
volume = {17},
number = {164},
pages = {20200018--6},
month = mar
}

@article{jhawar2020,
author = {Jhawar, Jitesh and Morris, Richard G and Amith-Kumar, U R and Raj, M Danny and Rogers, Tim and Rajendran, Harikrishnan and Guttal, Vishwesha},
title = {{Noise-induced schooling of fish}},
journal = {Nat Phys},
year = {2020},
pages = {1--18},
month = feb
}

@article{attanasi2014,
author = {Attanasi, Alessandro and Cavagna, Andrea and Del Castello, Lorenzo and Giardina, Irene and Grigera, Tomas S and Jelic, Asja and Melillo, Stefania and Parisi, Leonardo and Pohl, Oliver and Shen, Edward and Viale, Massimiliano},
title = {{Information transfer and behavioural inertia in starling flocks}},
journal = {Nat Phys},
year = {2014},
volume = {10},
number = {9},
pages = {691--696},
month = jul
}

@article{mahault2019,
author = {Mahault, Beno{\^\i}t and Ginelli, Francesco and Chat{\'e}, Hugues},
title = {{Quantitative Assessment of the Toner and Tu Theory of Polar Flocks}},
journal = {arXiv},
year = {2019},
eprint = {1908.03794v1},
eprinttype = {arxiv},
eprintclass = {cond-mat.stat-mech},
number = {21},
pages = {218001},
month = aug
}

@article{ni2016,
author = {Ni, Rui and Ouellette, Nicholas T},
title = {{On the tensile strength of insect swarms}},
journal = {Phys. Biol.},
year = {2016},
volume = {13},
number = {4},
pages = {045002--8},
month = aug
}

@article{fodor2016,
author = {Fodor, {\'E}tienne and Nardini, Cesare and Cates, Michael E and Tailleur, Julien and Visco, Paolo and van Wijland, Fr{\'e}d{\'e}ric},
title = {{How Far from Equilibrium Is Active Matter?}},
journal = {Phys. Rev. Lett.},
year = {2016},
volume = {117},
number = {3},
pages = {038103--6},
month = jul
}

@article{christiansen2018,
author = {Christiansen, Eric M and Yang, Samuel J and Ando, D Michael and Javaherian, Ashkan and Skibinski, Gaia and Lipnick, Scott and Mount, Elliot and O{\textquoteright}Neil, Alison and Shah, Kevan and Lee, Alicia K and Goyal, Piyush and Fedus, William and Poplin, Ryan and Esteva, Andre and Berndl, Marc and Rubin, Lee L and Nelson, Philip and Finkbeiner, Steven},
title = {{In Silico Labeling: Predicting Fluorescent Labels in Unlabeled Images}},
journal = {Cell},
year = {2018},
pages = {1--32},
month = apr
}

@article{zhang2007,
author = {Zhang, Bo and Zerubia, Josiane and Olivo-Marin, Jean-Christophe},
title = {{Gaussian approximations of fluorescence microscope point-spread function models}},
journal = {Appl Opt},
year = {2007},
volume = {46},
number = {10},
pages = {1819--1829}
}

@article{wang2004itip,
author = {Wang, Z and Bovik, A C and Sheikh, H R and Simoncelli, E P},
title = {{Image Quality Assessment: From Error Visibility to Structural Similarity}},
journal = {IEEE Trans. on Image Process.},
year = {2004},
volume = {13},
number = {4},
pages = {600--612},
month = apr
}

@article{lowen1992,
author = {L{\"o}wen, H},
title = {{Structure and Brownian dynamics of the two-dimensional Yukawa fluid}},
journal = {J. Phys.: Condens. Matter},
year = {1992},
volume = {4},
number = {5},
pages = {10105--10116},
month = dec
}

@article{ramaswamy2017,
author = {Ramaswamy, Sriram},
title = {{Active matter}},
journal = {J. Stat. Mech.},
year = {2017},
volume = {2017},
number = {5},
pages = {054002--17},
month = may
}

@article{alder1959,
author = {Alder, B J and Wainwright, T E},
title = {{Studies in Molecular Dynamics. I. General Method}},
journal = {The Journal of Chemical Physics},
year = {1959},
volume = {31},
number = {2},
pages = {459--466},
month = aug
}

@article{yates2009,
author = {Yates, Christian A and Erban, Radek and Escudero, Carlos and Couzin, Iain D and Buhl, Jerome and Kevrekidis, Ioannis G and Maini, Philip K and Sumpter, David J T},
title = {{Inherent noise can facilitate coherence in collective swarm motion.}},
journal = {Proc. Natl. Acad. Sci. U.S.A.},
year = {2009},
volume = {106},
number = {14},
pages = {5464--5469},
month = apr
}

@article{sosna2019,
author = {Sosna, Matthew M G and Twomey, Colin R and Bak-Coleman, Joseph and Poel, Winnie and Daniels, Bryan C and Romanczuk, Pawel and Couzin, Iain D},
title = {{Individual and collective encoding of risk in animal groups.}},
journal = {Proc. Natl. Acad. Sci. U.S.A.},
year = {2019},
volume = {45},
pages = {201905585},
month = sep
}

@article{wu2011,
author = {Wu, Hai Shan and Zhao, Qi and Zou, Danping and Chen, Yan Qiu},
title = {{Automated 3D trajectory measuring of large numbers of moving particles}},
journal = {Opt. Express},
year = {2011},
volume = {19},
number = {8},
pages = {7646--7663}
}

@article{klongvessa2019,
author = {Klongvessa, Natsuda and Ginot, F{\'e}lix and Ybert, Christophe and Cottin-Bizonne, C{\'e}cile and Leocmach, Mathieu},
title = {{Active Glass: Ergodicity Breaking Dramatically Affects Response to Self-Propulsion}},
journal = {Phys. Rev. Lett.},
year = {2019},
volume = {123},
number = {24},
pages = {248004},
month = dec
}

@article{elsesser2011,
author = {Elsesser, Mark T and Hollingsworth, Andrew D and Edmond, Kazem V and Pine, David J},
title = {{Large Core{\textminus}Shell Poly(methyl methacrylate) Colloidal Clusters: Synthesis, Characterization, and Tracking}},
journal = {Langmuir},
year = {2011},
volume = {27},
number = {3},
pages = {917--927},
month = feb
}

@article{gordon1970,
author = {Gordon, R and Bender, R and Herman, G T},
title = {{Algebraic reconstruction techniques (ART) for three-dimensional electron microscopy and x-ray photography.}},
journal = {Journal of Theoretical Biology},
year = {1970},
volume = {29},
number = {3},
pages = {471--481},
month = dec
}

@article{wahnstrom1991,
author = {Wahnstr{\"o}m, G{\"o}ran},
title = {{Molecular-dynamics study of a supercooled two-component Lennard-Jones system}},
journal = {Phys. Rev. A},
year = {1991},
volume = {44},
number = {6},
pages = {3752--3764},
month = jan
}

@article{cavagna2008,
author = {Cavagna, Andrea and Giardina, Irene and Orlandi, Alberto and Parisi, Giorgio and Procaccini, Andrea and Viale, Massimiliano and Zdravkovic, Vladimir},
title = {{The STARFLAG handbook on collective animal behaviour: 1. Empirical methods}},
journal = {Animal Behaviour},
year = {2008},
volume = {76},
number = {1},
pages = {217--236},
month = jul
}

@article{gerlai2014,
author = {Gerlai, Robert},
title = {{Fish in behavior research: Unique tools with a great promise!}},
journal = {Journal of Neuroscience Methods},
year = {2014},
volume = {234},
pages = {54--58},
month = aug
}

@article{zottl2016,
author = {Z{\"o}ttl, Andreas and Stark, Holger},
title = {{Emergent behavior in active colloids}},
journal = {J. Phys.: Condens. Matter},
year = {2016},
volume = {28},
number = {25},
pages = {253001--29},
month = may
}

@article{villamizar2011,
author = {Villamizar, N and Blanco-Vives, B and Migaud, H and Davie, A and Carboni, S and S{\'a}nchez-V{\'a}zquez, F J},
title = {{Effects of light during early larval development of some aquacultured teleosts: A review}},
journal = {Aquaculture},
year = {2011},
volume = {315},
number = {1-2},
pages = {86--94},
month = may
}

@article{butail2011,
author = {Butail, S and Paley, D A},
title = {{Three-dimensional reconstruction of the fast-start swimming kinematics of densely schooling fish}},
journal = {Journal of The Royal Society Interface},
year = {2011},
volume = {9},
number = {66},
pages = {77--88},
month = nov
}

@article{malik1993,
author = {Malik, N A and Dracos, Th and Papantoniou, D A},
title = {{Particle tracking velocimetry in three-dimensional flows - Part II: Particle tracking}},
journal = {Exp Fluids},
year = {1993},
volume = {15},
number = {4-5},
pages = {279--294},
month = sep
}

@article{chate2008,
author = {Chate, H and Ginelli, F and Gr{\'e}goire, G and Peruani, F and Raynaud, F},
title = {{Modeling collective motion: variations on the Vicsek model}},
journal = {Eur. Phys. J. B},
year = {2008},
volume = {64},
number = {3-4},
pages = {451--456},
month = jul
}

@article{malins2014,
author = {Malins, Alex and Eggers, Jens and Tanaka, Hajime and Royall, C Patrick},
title = {{Lifetimes and lengthscales of structural motifs in a model glassformer}},
journal = {Faraday Discuss.},
year = {2014},
volume = {167},
pages = {405--19}
}

@article{park2015,
author = {Park, Jin-Ah and Kim, Jae Hun and Bi, Dapeng and Mitchel, Jennifer A and Qazvini, Nader Taheri and Tantisira, Kelan and Park, Chan Young and McGill, Maureen and Kim, Sae-Hoon and Gweon, Bomi and Notbohm, Jacob and Steward Jr, Robert and Burger, Stephanie and Randell, Scott H and Kho, Alvin T and Tambe, Dhananjay T and Hardin, Corey and Shore, Stephanie A and Israel, Elliot and Weitz, David A and Tschumperlin, Daniel J and Henske, Elizabeth P and Weiss, Scott T and Manning, M Lisa and Butler, James P and Drazen, Jeffrey M and Fredberg, Jeffrey J},
title = {{Unjamming and cell shape in the asthmatic airway~epithelium}},
journal = {Nat Mater},
year = {2015},
volume = {14},
number = {10},
pages = {1040--1048},
month = aug
}

@article{mehta2018,
author = {Mehta, Pankaj and Bukov, Marin and Wang, Ching-Hao and Day, Alexandre G R and Richardson, Clint and Fisher, Charles K and Schwab, David J},
title = {{A high-bias, low-variance introduction to Machine Learning for physicists}},
journal = {arXiv},
year = {2018},
eprint = {1803.08823},
eprinttype = {arxiv},
eprintclass = {1803},
pages = {arXiv:1803.08823},
month = mar
}

@article{agudocanalejo2019,
author = {Agudo-Canalejo, Jaime and Golestanian, Ramin},
title = {{Active Phase Separation in Mixtures of Chemically Interacting Particles}},
journal = {Phys. Rev. Lett.},
year = {2019},
volume = {123},
number = {1},
pages = {018101},
month = jul
}

@article{aldana2003,
author = {Aldana, Maximino},
title = {{Phase Transitions in Self-Driven Many-Particle Systems and Related Non-Equilibrium Models: A Network Approach}},
journal = {Journal of Statistical Physics},
year = {2003},
volume = {112},
number = {1/2},
pages = {135--153}
}

@article{yifat2017,
author = {Yifat, Yuval and Sule, Nishant and Lin, Yihan and Scherer, Norbert F},
title = {{Analysis and correction of errors in nanoscale particle tracking using the Single-pixel interior filling function (SPIFF) algorithm}},
journal = {Sci Rep},
year = {2017},
pages = {1--10},
month = nov
}

@article{makris2006,
author = {Makris, Nicholas C and Ratilal, Purnima and Symonds, Deanelle T and Jagannathan, Srinivasan and Lee, Sunwoong and Nero, Redwood W},
title = {{Fish population and behavior revealed by instantaneous continental shelf-scale imaging}},
journal = {Science},
year = {2006},
volume = {311},
number = {5761},
pages = {660--663},
month = feb
}

@article{bruckner2020,
author = {Br{\"u}ckner, David B and Ronceray, Pierre and Broedersz, Chase P},
title = {{Inferring the Dynamics of Underdamped Stochastic Systems}},
journal = {Phys. Rev. Lett.},
year = {2020},
volume = {125},
number = {5},
pages = {417},
month = jul
}

@article{han2017,
author = {Han, Ming and Yan, Jing and Granick, Steve and Luijten, Erik},
title = {{Effective temperature concept evaluated in an active colloid mixture.}},
journal = {Proc. Natl. Acad. Sci. U.S.A.},
year = {2017},
volume = {114},
number = {29},
pages = {7513--7518},
month = jul
}

@article{steppke2013,
author = {Steppke, A and Kuchler, R and Lausberg, S and Lengyel, E and Steinke, L and Borth, R and Luhmann, T and Krellner, C and Nicklas, M and Geibel, C and Steglich, F and Brando, M},
title = {{Ferromagnetic Quantum Critical Point in the Heavy-Fermion Metal YbNi4(P1-xAsx)2}},
journal = {Science},
year = {2013},
volume = {339},
number = {6122},
pages = {933--936},
month = feb
}

@article{pearce2014,
author = {Pearce, D J G and Miller, A M and Rowlands, G and Turner, M S},
title = {{Role of projection in the control of bird flocks}},
journal = {Proceedings of the National Academy of Sciences},
year = {2014},
volume = {111},
number = {29},
pages = {10422--10426},
month = jul
}

@phdthesis{royall2000,
author = {Royall, C P},
title = {{The behaviour of silica in matt Water-based Lachequers}},
year = {2000},
month = sep
}

@article{ioannou2017,
author = {Ioannou, Christos C},
title = {{Swarm intelligence in fish? The difficulty in demonstrating distributed and self-organised collective intelligence in (some) animal groups}},
journal = {Behavioural Processes},
year = {2017},
volume = {141},
number = {Part 2},
pages = {141--151},
month = aug
}

@article{mwaffo2017,
author = {Mwaffo, Violet and Zhang, Peng and Romero Cruz, Sebasti{\'a}n and Porfiri, Maurizio},
title = {{Zebrafish swimming in the flow: a particle image velocimetry study}},
journal = {PeerJ},
year = {2017},
volume = {5},
number = {1},
pages = {e4041--23}
}

@article{lavergne2019,
author = {Lavergne, Francois A and Wendehenne, Hugo and Baeuerle, Tobias and Bechinger, Clemens},
title = {{Group formation and cohesion of active particles with visual perception-dependent motility}},
journal = {Science},
year = {2019},
volume = {364},
number = {6435},
pages = {70--+}
}

@article{wilson2011,
author = {Wilson, L G and Martinez, V A and Schwarz-Linek, J and Tailleur, J and Bryant, G and Pusey, P N and Poon, W C K},
title = {{Differential Dynamic Microscopy of Bacterial Motility}},
journal = {Phys. Rev. Lett.},
year = {2011},
volume = {106},
number = {1},
pages = {696--4},
month = jan
}

@article{katyal2020,
author = {Katyal, Nisha and Dey, Supravat and Das, Dibyendu and Puri, Sanjay},
title = {{Coarsening dynamics in the Vicsek model of active matter}},
journal = {Eur. Phys. J. E.},
year = {2020},
volume = {43},
number = {2},
pages = {357--7},
month = feb
}

@article{huang2016,
author = {Huang, Wenjie and Yang, Yushi and Mao, Zhou and Li, Jialiang and Wu, Qingzhi},
title = {{Sacrificed Carbon-Assisted Synthesis of $\beta$-Tricalcium Phosphate Nanostructures}},
journal = {Crystal Growth {\&} Design},
year = {2016},
volume = {16},
number = {9},
pages = {5159--5165},
month = aug
}

@article{takatori2014,
author = {Takatori, S C and Yan, W and Brady, J F},
title = {{Swim Pressure: Stress Generation in Active Matter}},
journal = {Phys. Rev. Lett.},
year = {2014},
volume = {113},
number = {2},
pages = {028103--5},
month = jul
}

@article{farkas2002,
author = {Farkas, I and Helbing, D and Vicsek, T},
title = {{Mexican waves in an excitable medium}},
journal = {Nature},
year = {2002},
volume = {419},
number = {6903},
pages = {131--132},
month = sep
}

@article{mora2016,
author = {Mora, Thierry and Walczak, Aleksandra M and Del Castello, Lorenzo and Ginelli, Francesco and Melillo, Stefania and Parisi, Leonardo and Viale, Massimiliano and Cavagna, Andrea and Giardina, Irene},
title = {{Local equilibrium in bird flocks}},
journal = {Nat Phys},
year = {2016},
volume = {12},
number = {12},
pages = {1153--1157},
month = aug
}

@article{eshaw1978,
author = {E Shaw},
title = {{Schooling fishes: the school, a truly egalitarian form of organization in which all members of the group are alike in influence, offers substantial benefits to its~{\ldots}}},
journal = {AmSci},
year = {1978}
}

@article{henderson1975,
author = {Henderson, Douglas and Grundke, E W},
title = {{Direct correlation function: Hard sphere fluid}},
journal = {The Journal of Chemical Physics},
year = {1975},
volume = {63},
number = {2},
pages = {601--607},
month = jul
}

@article{kleesiek2016,
author = {Kleesiek, Jens and Urban, Gregor and Hubert, Alexander and Schwarz, Daniel and Maier-Hein, Klaus and Bendszus, Martin and Biller, Armin},
title = {{Deep MRI brain extraction: A 3D convolutional neural network for skull stripping}},
journal = {NeuroImage},
year = {2016},
volume = {129},
number = {C},
pages = {460--469},
month = apr
}

@article{cavagna2018,
author = {Cavagna, Andrea and Melillo, Stefania and Parisi, Leonardo and Ricci-Tersenghi, Federico},
title = {{SpaRTA - Tracking across occlusions via global partitioning of 3D clouds of points}},
journal = {arxiv.org},
year = {2018},
pages = {arXiv:1802.05878},
month = feb
}

@article{aldana2009,
author = {Aldana, M and Larralde, H and V{\'a}zquez, B},
title = {{On the Emergence of Collective Order in Swarming Systems:. a Recent Debate}},
journal = {International Journal of Modern Physics B},
year = {2009},
volume = {23},
number = {1},
pages = {3661--3685},
month = n/a
}

@article{scheres2012,
author = {Scheres, Sjors H W},
title = {{A Bayesian View on Cryo-EM Structure Determination}},
journal = {Journal of Molecular Biology},
year = {2012},
volume = {415},
number = {2},
pages = {406--418},
month = jan
}

@article{wright2013,
author = {Wright, A C and Thorpe, M F},
title = {{Eighty years of random networks}},
journal = {Phys. Status Solidi B},
year = {2013},
volume = {250},
number = {5},
pages = {931--936},
month = jan
}

@article{zahn2003,
author = {Zahn, K and Maret, G and Russ, C and von Gr{\"u}nberg, H H},
title = {{Three-particle correlations in simple liquids.}},
journal = {Phys. Rev. Lett.},
year = {2003},
volume = {91},
number = {11},
pages = {115502},
month = sep
}

@article{delellis2014,
author = {DeLellis, Pietro and Polverino, Giovanni and Ustuner, Gozde and Abaid, Nicole and Macr{\`\i}, Simone and Bollt, Erik M and Porfiri, Maurizio},
title = {{Collective behaviour across animal species}},
journal = {Sci Rep},
year = {2014},
volume = {4},
number = {1},
pages = {114--6},
month = jan
}

@article{hartel2018,
author = {H{\"a}rtel, Andreas and Richard, David and Speck, Thomas},
title = {{Three-body correlations and conditional forces in suspensions of active hard disks}},
journal = {Phys. Rev. E},
year = {2018},
volume = {97},
number = {1},
pages = {012606--17},
month = jan
}

@article{villamizar2014,
author = {Villamizar, Natalia and Vera, Luisa Mar{\'\i}a and Foulkes, Nicholas Simon and S{\'a}nchez-V{\'a}zquez, Francisco Javier},
title = {{Effect of Lighting Conditions on Zebrafish Growth and Development}},
journal = {Zebrafish},
year = {2014},
volume = {11},
number = {2},
pages = {173--181},
month = apr
}

@article{mahynski2015,
author = {Mahynski, Nathan A and Kumar, Sanat K and Panagiotopoulos, Athanassios Z},
title = {{Tuning polymer architecture to manipulate the relative stability of different colloid crystal morphologies}},
journal = {Soft Matter},
year = {2015},
volume = {11},
pages = {5146--5153},
month = jun
}

@article{rulands2018,
author = {Rulands, Steffen and Lescroart, Fabienne and Chabab, Samira and Hindley, Christopher J and Prior, Nicole and Sznurkowska, Magdalena K and Huch, Meritxell and Philpott, Anna and Blanpain, Cedric and Simons, Benjamin D},
title = {{Universality of clone dynamics during tissue development}},
journal = {Nat Phys},
year = {2018},
volume = {14},
number = {5},
pages = {469--474},
month = may
}

@article{moretz2007,
author = {Moretz, Jason A and Martins, Em{\'\i}lia P and Robison, Barrie D},
title = {{Behavioral syndromes and the evolution of correlated behavior in zebrafish}},
journal = {Behavioral Ecology},
year = {2007},
volume = {18},
number = {3},
pages = {556--562},
month = mar
}

@article{sinhuber2019,
author = {Sinhuber, Michael and van der Vaart, Kasper and Ni, Rui and Puckett, James G and Kelley, Douglas H and Ouellette, Nicholas T},
title = {{Data Descriptor: Three-dimensional time-resolved trajectories from laboratory insect swarms}},
journal = {Nature Publishing Group},
year = {2019},
volume = {6},
pages = {1--8},
month = mar
}

@article{taffs2016,
author = {Taffs, Jade and Royall, C Patrick},
title = {{The role of fivefold symmetry in suppressing crystallization}},
journal = {Nat Comms},
year = {2016},
volume = {7},
pages = {1--7},
month = oct
}

@article{muntoni2018,
author = {Muntoni, Anna Paola and D{\'\i}az Hern{\'a}ndez Rojas, Rafael and Braunstein, Alfredo and Pagnani, Andrea and P{\'e}rez Castillo, Isaac},
title = {{Non-convex image reconstruction via Expectation Propagation}},
journal = {arXiv},
year = {2018},
eprint = {1809.03958},
eprinttype = {arxiv},
eprintclass = {1809},
pages = {arXiv:1809.03958},
month = sep
}

@article{mwaffo2015,
author = {Mwaffo, Violet and Anderson, Ross P and Butail, Sachit and Porfiri, Maurizio},
title = {{A jump persistent turning walker to model zebrafish locomotion}},
journal = {Journal of The Royal Society Interface},
year = {2015},
volume = {12},
number = {102},
pages = {20140884--8},
month = jan
}

@article{feng2007,
author = {Feng, Y and Goree, J and Liu, Bin},
title = {{Accurate particle position measurement from images}},
journal = {Review of Scientific Instruments},
year = {2007},
volume = {78},
number = {5},
pages = {053704--11},
month = may
}

@article{weigert2020,
author = {Weigert, Martin and Schmidt, Uwe and Haase, Robert and Sugawara, Ko and Myers, Gene},
title = {{Star-convex Polyhedra for 3D Object Detection and Segmentation in Microscopy}},
year = {2020},
pages = {3666--3673}
}

@article{bain2019,
author = {Bain, Nicolas and Bartolo, Denis},
title = {{Dynamic response and hydrodynamics of polarized crowds}},
journal = {Science},
year = {2019},
volume = {363},
number = {6422},
pages = {46--+}
}

@article{kanazawa2018,
author = {Kanazawa, Kiyoshi and Sueshige, Takumi and Takayasu, Hideki and Takayasu, Misako},
title = {{Derivation of the Boltzmann Equation for Financial Brownian Motion: Direct Observation of the Collective Motion of High-Frequency Traders}},
journal = {Phys. Rev. Lett.},
year = {2018},
volume = {120},
number = {13},
pages = {138301},
month = mar
}

@article{hong2006,
author = {Hong, Liang and Jiang, Shan and Granick, Steve},
title = {{Simple Method to Produce Janus Colloidal Particles in Large Quantity}},
journal = {Langmuir},
year = {2006},
volume = {22},
number = {23},
pages = {9495--9499},
month = nov
}

@inproceedings{butail2010,
author = {Butail, Sachit and Paley, Derek A},
title = {{3D reconstruction of fish schooling kinematics from underwater video}},
booktitle = {Proceedings - IEEE International Conference on Robotics and Automation},
year = {2010},
pages = {2438--2443},
organization = {University of Maryland, College Park, United States},
publisher = {IEEE},
month = aug
}

@article{fodor2018,
author = {Fodor, {\'E}tienne and Cristina Marchetti, M},
title = {{The statistical physics of active matter: From self-catalytic colloids to living cells}},
journal = {Physica A: Statistical Mechanics and its Applications},
year = {2018},
month = jan
}

@article{krzic2012,
author = {Krzic, Uros and Gunther, Stefan and Saunders, Timothy E and Streichan, Sebastian J and Hufnagel, Lars},
title = {{Multiview light-sheet microscope for rapid in toto imaging}},
journal = {Nat Meth},
year = {2012},
volume = {9},
number = {7},
pages = {730--733},
month = jun
}

@article{ling2019,
author = {Ling, Hangjian and Mclvor, Guillam E and Vaart, Kasper and Vaughan, Richard T and Thornton, Alex and Ouellette, Nicholas T},
title = {{Costs and benefits of social relationships in the collective motion of bird flocks}},
journal = {Nature Ecology {\&} Evolution},
year = {2019},
pages = {1--10},
month = apr
}

@article{cengio2019,
author = {Cengio, Sara Dal and Levis, Demian and Pagonabarraga, Ignacio},
title = {{Linear Response Theory and Green-Kubo Relations for Active Matter}},
journal = {Phys. Rev. Lett.},
year = {2019},
volume = {123},
number = {23},
pages = {238003},
month = dec
}

@phdthesis{dunleavy2014,
author = {Dunleavy, Andrew J},
title = {{Applying Information Theory to Super-cooled Liquids}},
year = {2014},
month = oct
}

@article{li2020,
author = {Li, Liang and Nagy, M{\'a}t{\'e} and Graving, Jacob M and Bak-Coleman, Joseph and Xie, Guangming and Couzin, Iain D},
title = {{Vortex phase matching as a strategy for schooling in robots and in fish}},
journal = {Nat Comms},
year = {2020},
pages = {1--9},
month = oct
}

@article{gregoire2003,
author = {Gr{\'e}goire, Guillaume and Chat{\'e}, Hugues and Tu, Yuhai},
title = {{Moving and staying together without a leader}},
journal = {Physica D: Nonlinear Phenomena},
year = {2003},
volume = {181},
number = {3-4},
pages = {157--170},
month = jul
}

@article{pitcher1982,
author = {Pitcher, T J and MAGURRAN, A E and WINFIELD, I J},
title = {{Fish in Larger Shoals Find Food Faster}},
journal = {Behav Ecol Sociobiol},
year = {1982},
volume = {10},
number = {2},
pages = {149--151}
}

@article{hughey2018,
author = {Hughey, Lacey F and Hein, Andrew M and Strandburg-Peshkin, Ariana and Jensen, Frants H},
title = {{Challenges and solutions for studying collective animal behaviour in the wild}},
journal = {Phil. Trans. R. Soc. B},
year = {2018},
volume = {373},
number = {1746},
pages = {20170005--13},
month = mar
}

@article{richter2018,
author = {Richter, S and Gerum, R and Winterl, A and Houstin, A and Seifert, M and Peschel, J and Fabry, B and Le Bohec, C and Zitterbart, D P},
title = {{Phase transitions in huddling emperor penguins}},
journal = {Journal of Physics D: Applied Physics},
year = {2018},
volume = {51},
number = {21},
pages = {214002--9},
month = may
}

@article{schnitzer1993,
author = {Schnitzer, Mark J},
title = {{Theory of continuum random walks and application to chemotaxis}},
journal = {Phys. Rev. E},
year = {1993},
volume = {48},
number = {4},
pages = {2553--2568},
month = oct
}

@article{cavagna2013,
author = {Cavagna, Andrea and Giardina, Irene and Ginelli, Francesco},
title = {{Boundary Information Inflow Enhances Correlation in Flocking}},
journal = {Phys. Rev. Lett.},
year = {2013},
volume = {110},
number = {16},
pages = {168107--5},
month = apr
}

@article{battimelli2018,
author = {Battimelli, Giovanni and Ciccotti, Giovanni},
title = {{Berni Alder and the pioneering times of molecular simulation}},
journal = {EPJ H},
year = {2018},
volume = {43},
number = {3},
pages = {303--335},
month = jul
}

@article{statistics2011,
author = {statistics, T Lindeberg Journal of applied and {1994}},
title = {{Scale-space theory: A basic tool for analyzing structures at different scales}},
journal = {Taylor {\&} Francis
},
year = {2011},
volume = {21},
number = {1-2},
pages = {225--270},
month = jun
}

@article{feinerman2018,
author = {Feinerman, Ofer and Pinkoviezky, Itai and Gelblum, Aviram and Fonio, Ehud and Gov, Nir S},
title = {{The physics of cooperative transport in groups of ants}},
journal = {Nat Phys},
year = {2018},
pages = {1--11},
month = may
}

@article{strandburgpeshkin2013,
author = {Strandburg-Peshkin, Ariana and Twomey, Colin R and Bode, Nikolai W F and Kao, Albert B and Katz, Yael and Ioannou, Christos C and Rosenthal, Sara B and Torney, Colin J and Wu, Hai Shan and Levin, Simon A and Couzin, Iain D},
title = {{Visual sensory networks and effective information transfer in animal groups}},
journal = {Current Biology},
year = {2013},
volume = {23},
number = {17},
pages = {R709--R711},
month = sep
}

@article{zhao2016,
author = {Zhao, Shuwen and Liu, Wei and Xue, Xianya and Yang, Yushi and Zhao, Zhiyong and Wang, Youfa and Zhou, Bin},
title = {{Enhanced upconversion luminescence and modulated paramagnetic performance in NaGdF 4:Yb, Er by Mg 2+tridoping}},
journal = {RSC Adv.},
year = {2016},
volume = {6},
number = {85},
pages = {81542--81551}
}

@article{wagner2009,
author = {Wagner, Norman J and Brady, John F},
title = {{Shear thickening in colloidal dispersions}},
journal = {arXiv},
year = {2009},
volume = {62},
number = {10},
pages = {27--32},
month = oct
}

@article{farago2014,
author = {Farago, Oded and Gr{\o}nbech-Jensen, Niels},
title = {{Fluctuation{\textendash}Dissipation Relation for Systems with Spatially Varying Friction}},
journal = {J. Stat. Phys.},
year = {2014},
volume = {156},
number = {6},
pages = {1093--1110},
month = jul
}

@webpage{degreve2006,
author = {de Greve, Bram},
title = {{Reflections and Refractions in Ray Tracing}},
year = {2006},
month = nov
}

@article{ladu2015,
author = {Ladu, Fabrizio and Bartolini, Tiziana and Panitz, Sarah G and Chiarotti, Flavia and Butail, Sachit and Macr{\`\i}, Simone and Porfiri, Maurizio},
title = {{Live Predators, Robots, and Computer-Animated Images Elicit Differential Avoidance Responses in Zebrafish}},
journal = {Zebrafish},
year = {2015},
volume = {12},
number = {3},
pages = {205--214},
month = jun
}

@article{krumhansl1972,
author = {Krumhansl, J A and Wang, Shein shion},
title = {{Triplet Correlation in Liquid Argon by Monte Carlo Method: Low Densities}},
journal = {The Journal of Chemical Physics},
year = {1972},
volume = {56},
number = {5},
pages = {2034--2041},
month = mar
}

@article{hanke2013,
author = {Hanke, Timo and Weber, Christoph A and Frey, Erwin},
title = {{Understanding collective dynamics of soft active colloids by binary scattering}},
journal = {Phys. Rev. E},
year = {2013},
volume = {88},
number = {5},
pages = {052309--25},
month = nov
}

@article{romenskyy2013,
author = {Romenskyy, Maksym and Lobaskin, Vladimir},
title = {{Statistical properties of swarms of self-propelled particles with repulsions across the order-disorder transition}},
journal = {Eur. Phys. J. B},
year = {2013},
volume = {86},
number = {3},
pages = {91--10},
month = mar
}

@article{speck2020,
author = {Speck, Thomas},
title = {{Collective forces in scalar active matter}},
journal = {Soft Matter},
year = {2020},
volume = {16},
number = {11},
pages = {2652--2663}
}

@article{dupont2013,
author = {Dupont, A and Stirnnagel, K and Lindemann, D and Lamb, D C},
title = {{Tracking Image Correlation: Combining Single-Particle Tracking and Image Correlation}},
journal = {Biophysj},
year = {2013},
volume = {104},
number = {11},
pages = {2373--2382},
month = jun
}

@article{clauset2009,
author = {Clauset, Aaron and Shalizi, Cosma Rohilla and Newman, M E J},
title = {{Power-Law Distributions in Empirical Data}},
journal = {SIAM Rev.},
year = {2009},
volume = {51},
number = {4},
pages = {661--703},
month = nov
}

@article{robinson2019,
author = {Robinson, Joshua F and Turci, Francesco and Roth, Roland and Royall, C Patrick},
title = {{Morphometric Approach to Many-Body Correlations in Hard Spheres}},
journal = {Phys. Rev. Lett.},
year = {2019},
volume = {122},
number = {6},
pages = {068004},
month = feb
}

@article{chialvo2010,
author = {Chialvo, Dante R},
title = {{Emergent complex neural dynamics}},
journal = {Nat Phys},
year = {2010},
volume = {6},
number = {10},
pages = {744--750},
month = oct
}

@article{heras2019,
author = {Heras, Francisco J H and Romero-Ferrero, Francisco and Hinz, Robert C and de Polavieja, Gonzalo G},
title = {{Deep attention networks reveal the rules of collective motion in zebrafish.}},
journal = {PLoS Comput Biol},
year = {2019},
volume = {15},
number = {9},
pages = {e1007354--},
month = sep
}

@article{grinstein1990,
author = {GRINSTEIN, G and LEE, D H and SACHDEV, S},
title = {{Conservation-Laws, Anisotropy, and Self-Organized Criticality in Noisy Nonequilibrium Systems}},
journal = {Phys. Rev. Lett.},
year = {1990},
volume = {64},
number = {16},
pages = {1927--1930}
}

@phdthesis{cordova2016,
author = {Cordova, Claudia Elena Ferreiro},
title = {{Structure formation in colloidal rod suspensions: experiments and computer simulations}},
year = {2016},
month = apr
}

@article{morgan2016,
author = {Morgan, Joanna V and Gulick, Sean P S and Bralower, Timothy and Chenot, Elise and Christeson, Gail and Claeys, Philippe and Cockell, Charles and Collins, Gareth S and Coolen, Marco J L and Ferri{\`e}re, Ludovic and Gebhardt, Catalina and Goto, Kazuhisa and Jones, Heather and Kring, David A and Le Ber, Erwan and Lofi, Johanna and Long, Xiao and Lowery, Christopher and Mellett, Claire and Ocampo-Torres, Rub{\'e}n and Osinski, Gordon R and Perez-Cruz, Ligia and Pickersgill, Annemarie and Poelchau, Michael and Rae, Auriol and Rasmussen, Cornelia and Rebolledo-Vieyra, Mario and Riller, Ulrich and Sato, Honami and Schmitt, Douglas R and Smit, Jan and Tikoo, Sonia and Tomioka, Naotaka and Urrutia-Fucugauchi, Jaime and Whalen, Michael and Wittmann, Axel and Yamaguchi, Kosei E and Zylberman, William},
title = {{The formation of peak rings in large impact craters}},
journal = {Science},
year = {2016},
volume = {354},
number = {6314},
pages = {878--882},
month = nov
}

@article{charlesworth2019,
author = {Charlesworth, Henry J and Turner, Matthew S},
title = {{Intrinsically motivated collective motion}},
journal = {Proceedings of the National Academy of Sciences},
year = {2019},
volume = {116},
number = {31},
pages = {15362--15367}
}

@article{lin2017,
author = {Lin, Zhihua and Si, Tieyan and Wu, Zhiguang and Gao, Changyong and Lin, Xiankun and He, Qiang},
title = {{Light-Activated Active Colloid Ribbons}},
journal = {Angew. Chem. Int. Ed.},
year = {2017},
volume = {56},
number = {43},
pages = {13517--13520},
month = sep
}

@article{mandal2017,
author = {Mandal, Dibyendu and Klymko, Katherine and DeWeese, Michael R},
title = {{Entropy Production and Fluctuation Theorems for Active Matter}},
journal = {Phys. Rev. Lett.},
year = {2017},
volume = {119},
number = {25},
pages = {258001--6},
month = dec
}

@article{sanchez2018,
author = {S{\'a}nchez, R and {\i}A{\'A}az-Leyva, P Dt4ht},
title = {{Self-assembly and speed distributions of active granular particles}},
journal = {Physica A},
year = {2018},
volume = {499},
pages = {11--19},
month = jun
}

@article{martinez2018,
author = {Martinez, Raul and Alarcon, Francisco and Rodriguez, Diego Rogel and Aragones, Juan Luis and Valeriani, Chantal},
title = {{Collective behavior of Vicsek particles without and with obstacles⋆.}},
journal = {Eur Phys J E Soft Matter},
year = {2018},
volume = {41},
number = {8},
pages = {91},
month = aug
}

@phdthesis{statt2015,
author = {Statt, Antonia},
title = {{Monte Carlo Simulations of Nucleation of Colloidal Crystals}},
year = {2015},
month = apr
}

@article{schneiders2016,
author = {Schneiders, Jan F G and Scarano, Fulvio},
title = {{Dense velocity reconstruction from tomographic PTV with material derivatives}},
journal = {Exp Fluids},
year = {2016},
volume = {57},
number = {9},
pages = {1--22},
month = aug
}

@article{jaynes1957,
author = {Jaynes, E T},
title = {{Information Theory and Statistical Mechanics}},
journal = {Phys. Rev.},
year = {1957},
volume = {106},
number = {4},
pages = {620--630},
month = may
}

@article{schaller2010,
author = {Schaller, Volker and Weber, Christoph and Semmrich, Christine and Frey, Erwin and Bausch, Andreas R},
title = {{Polar patterns of driven filaments}},
journal = {Nature},
year = {2010},
volume = {467},
number = {7311},
pages = {73--77},
month = feb
}

@article{royall2013,
author = {Royall, C Patrick and Poon, Wilson C K and Weeks, Eric R},
title = {{In search of colloidal hard spheres}},
journal = {Soft Matter},
year = {2013},
volume = {9},
number = {1},
pages = {17--27}
}

@article{halperin1969,
author = {HALPERIN, B I and HOHENBERG, P C},
title = {{Scaling Laws for Dynamic Critical Phenomena}},
journal = {Phys. Rev.},
year = {1969},
volume = {177},
number = {2},
pages = {952--+}
}

@article{dong2018,
author = {Dong, Jun and Meissner, Max and Faers, Malcolm A and Eggers, Jens and Seddon, Annela M and Royall, C Patrick},
title = {{Opposed flow focusing: evidence of a second order jetting transition}},
journal = {Soft Matter},
year = {2018},
volume = {14},
number = {41},
pages = {8344--8351}
}

@article{giannini2020,
author = {Giannini, Julia A and Puckett, James G},
title = {{Testing a thermodynamic approach to collective animal behavior in laboratory fish schools}},
journal = {Phys Rev E Stat Phys Plasmas Fluids Relat Interdiscip Topics},
year = {2020},
volume = {101},
number = {6},
pages = {062605},
month = jun
}

@article{halperin1967,
author = {HALPERIN, B I and HOHENBERG, P C},
title = {{Generalization of Scaling Laws to Dynamical Properties of a System Near its Critical Point}},
journal = {Phys. Rev. Lett.},
year = {1967},
volume = {19},
number = {12},
pages = {700--703},
month = sep
}

@article{visser1994,
author = {VISSER, T D and WIERSMA, S H},
title = {{Electromagnetic Description of Image-Formation in Confocal Fluorescence Microscopy}},
journal = {J Opt Soc Am A Opt Image Sci Vis},
year = {1994},
volume = {11},
number = {2},
pages = {599--608},
month = feb
}

@article{martinez2020,
author = {Martinez, Raul and Alarcon, Francisco and Aragones, Juan Luis and Valeriani, Chantal},
title = {{Trapping flocking particles with asymmetric obstacles}},
journal = {Soft Matter},
year = {2020},
volume = {1},
number = {21},
pages = {323}
}

@article{turci2017,
author = {Turci, Francesco and Royall, C Patrick and Speck, Thomas},
title = {{Nonequilibrium Phase Transition in an Atomistic Glassformer: The Connection to Thermodynamics}},
journal = {Physical Review X},
year = {2017},
volume = {7},
number = {3},
pages = {031028--14},
month = aug
}

@article{bonachela2010,
author = {Bonachela, Juan A and de Franciscis, Sebastiano and Torres, Joaqu{\'\i}n J and Mu{\~n}oz, Miguel A},
title = {{Self-organization without conservation: are neuronal avalanches generically critical?}},
journal = {J. Stat. Mech.},
year = {2010},
volume = {2010},
number = {02},
pages = {P02015--27},
month = feb
}

@phdthesis{michieletto2011,
author = {Michieletto, Davide},
title = {{Collective Motion in Confining and Non-Differentiable Geometries}},
year = {2011},
month = jul
}

@article{muntoni2018arxiv,
author = {Muntoni, Anna Paola and D{\'\i}az Hern{\'a}ndez Rojas, Rafael and Braunstein, Alfredo and Pagnani, Andrea and P{\'e}rez Castillo, Isaac},
title = {{Non-convex image reconstruction via Expectation Propagation}},
journal = {arXiv},
year = {2018},
eprint = {1809.03958},
eprinttype = {arxiv},
eprintclass = {1809},
pages = {arXiv:1809.03958},
month = sep
}

@article{svoboda2005,
author = {Svoboda, T and Martinec, D and Pajdla, T},
title = {{A convenient multicamera self-calibration for virtual environments}},
journal = {Presence-Teleoperators and Virtual Environments},
year = {2005},
volume = {14},
number = {4},
pages = {407--422},
month = aug
}

@article{wirjadi2007,
author = {Wirjadi, O},
title = {{Survey of 3d image segmentation methods}},
year = {2007},
pages = {1--29},
month = aug
}

@article{zhang2000,
author = {Zhang, Z},
title = {{A flexible new technique for camera calibration}},
journal = {IEEE Trans Pattern Anal Mach Intell},
year = {2000},
volume = {22},
number = {11},
pages = {1330--1334}
}

@article{mwaffo2017peerj,
author = {Mwaffo, Violet and Zhang, Peng and Romero Cruz, Sebasti{\'a}n and Porfiri, Maurizio},
title = {{Zebrafish swimming in the flow: a particle image velocimetry study}},
journal = {PeerJ},
year = {2017},
volume = {5},
number = {1},
pages = {e4041--23}
}

@inproceedings{krizhevsky2012,
author = {Krizhevsky, Alex and Sutskever, Ilya and Hinton, Geoffrey E},
title = {{ImageNet classification with deep convolutional neural networks}},
booktitle = {Advances in Neural Information Processing Systems},
year = {2012},
pages = {1097--1105},
organization = {University of Toronto, Toronto, Canada},
month = dec
}

@article{bohmer1993,
author = {B{\"o}hmer, R and Ngai, K L and Angell, C A and Plazek, D J},
title = {{Nonexponential relaxations in strong and fragile glass formers}},
journal = {The Journal of Chemical Physics},
year = {1993},
volume = {99},
number = {5},
pages = {4201--4209},
month = sep
}

@article{elsinga2006,
author = {Elsinga, G E and Scarano, F and Wieneke, B and van Oudheusden, B W},
title = {{Tomographic particle image velocimetry}},
journal = {Exp Fluids},
year = {2006},
volume = {41},
number = {6},
pages = {933--947},
month = oct
}

@article{bommineni2019,
author = {Bommineni, Praveen K and Varela-Rosales, Nydia Roxana and Klement, Marco and Engel, Michael},
title = {{Complex Crystals from Size-Disperse Spheres}},
journal = {Phys. Rev. Lett.},
year = {2019},
volume = {122},
number = {12},
pages = {128005},
month = mar
}

@article{nasse2010,
author = {Nasse, Michael J and Woehl, Joerg C},
title = {{Realistic modeling of the illumination point spread function in confocal scanning optical microscopy}},
journal = {J Opt Soc Am A Opt Image Sci Vis},
year = {2010},
volume = {27},
number = {2},
pages = {295--302},
month = feb
}

@article{pitcher1976,
author = {Pitcher, T J and Partridge, B L and Wardle, C S},
title = {{A blind fish can school.}},
journal = {Science},
year = {1976},
volume = {194},
number = {4268},
pages = {963--965},
month = nov
}

@article{berthier2011,
author = {Berthier, Ludovic and Biroli, Giulio},
title = {{Theoretical perspective on the glass transition and amorphous materials}},
journal = {Rev. Mod. Phys.},
year = {2011},
volume = {83},
number = {2},
pages = {587--645},
month = jun
}

@article{bozek2018,
author = {Bozek, Katarzyna and Hebert, Laetitia and Mikheyev, Alexander S and Stephens, Greg J},
title = {{Towards Dense Object Tracking in a 2D Honeybee Hive}},
journal = {2018 IEEE/CVF Conference on Computer Vision and Pattern Recognition},
year = {2018},
pages = {4185--4193},
month = jun
}

@article{porfiri2016,
author = {Porfiri, Maurizio and Ariel, Gil},
title = {{On effective temperature in network models of collective behavior}},
journal = {Chaos},
year = {2016},
volume = {26},
number = {4},
pages = {043109--14},
month = apr
}

@article{family1999,
author = {Family, F and Vicsek, T},
title = {{Scaling of the active zone in the Eden process on percolation networks and the ballistic deposition model}},
journal = {J. Phys. A: Math. Gen.},
year = {1999},
volume = {18},
number = {2},
pages = {L75--L81},
month = jan
}

@article{bierbaum2017,
author = {Bierbaum, Matthew and Leahy, Brian D and Alemi, Alexander A and Cohen, Itai and Sethna, James P},
title = {{Light Microscopy at Maximal Precision}},
journal = {Physical Review X},
year = {2017},
volume = {7},
number = {4},
pages = {81--10},
month = oct
}

@article{straw2011,
author = {Straw, A D and Branson, K and Neumann, T R and Dickinson, M H},
title = {{Multi-camera real-time three-dimensional tracking of multiple flying animals}},
journal = {Journal of The Royal Society Interface},
year = {2011},
volume = {8},
number = {56},
pages = {395--409},
month = jan
}

@article{vannier2019,
author = {Vannier, Jean and Vidal, Muriel and Marchant, Robin and El Hariri, Khadija and Kouraiss, Khaoula and Pittet, Bernard and El Albani, Abderrazak and Mazurier, Arnaud and Martin, Emmanuel},
title = {{Collective behaviour in 480-million-year-old trilobite arthropods from Morocco}},
journal = {Sci Rep},
year = {2019},
volume = {9},
number = {1},
pages = {14941},
month = dec
}

@article{crocker1996,
author = {Crocker, John C and Grier, David G},
title = {{Methods of Digital Video Microscopy for Colloidal Studies}},
journal = {Journal of Colloid and Interface Science},
year = {1996},
volume = {179},
number = {1},
pages = {298--310},
month = apr
}

@article{yaoyao2018,
author = {Yao Yao, Ihor Smal Erik Meijering},
title = {{Deep Neural Networks for Data Association in Particle Tracking}},
year = {2018},
pages = {1--4},
month = may
}

@article{veeraraghavan2008,
author = {Veeraraghavan, A and Chellappa, R and Srinivasan, M},
title = {{Shape-and-Behavior Encoded Tracking of Bee Dances}},
journal = {IEEE Trans Pattern Anal Mach Intell},
year = {2008},
volume = {30},
number = {3},
pages = {463--476},
month = jan
}

@article{vizsnyiczai2017,
author = {Vizsnyiczai, Gaszton and Frangipane, Giacomo and Maggi, Claudio and Saglimbeni, Filippo and Bianchi, Silvio and Di Leonardo, Roberto},
title = {{Light controlled 3D micromotors powered by bacteria}},
journal = {Nat Comms},
year = {2017},
volume = {8},
pages = {1--7},
month = jun
}

@inproceedings{wu2014,
author = {Wu, Zheng and Fuller, Nathan and Theriault, Diane and Betke, Margrit},
title = {{A Thermal Infrared Video Benchmark for Visual Analysis}},
booktitle = {2014 IEEE Conference on Computer Vision and Pattern Recognition Workshops (CVPRW)},
year = {2014},
pages = {201--208},
publisher = {IEEE},
month = aug
}

@book{collins2019,
author = {Collins, Robert},
title = {{Camera Projection}},
year = {2019},
month = apr
}

@article{ginelli2016,
author = {Ginelli, Francesco},
title = {{The Physics of the Vicsek model}},
journal = {Eur. Phys. J. Spec. Top.},
year = {2016},
volume = {225},
number = {11-12},
pages = {2099--2117}
}

@article{royall2020,
author = {Royall, C Patrick and Turci, Francesco and Speck, Thomas},
title = {{Dynamical Phase Transitions and their Relation to Thermodynamic Glass Physics}},
year = {2020},
eprint = {2003.03700},
eprinttype = {arxiv},
month = mar
}

@article{perezescudero2014,
author = {P{\'e}rez-Escudero, Alfonso and Vicente-Page, Juli{\'a}n and Hinz, Robert C and Arganda, Sara and de Polavieja, Gonzalo G},
title = {{idTracker: tracking individuals in a group by automatic identification of unmarked animals}},
journal = {Nat Meth},
year = {2014},
volume = {11},
number = {7},
pages = {743--748},
month = jun
}

@article{tociu2019,
author = {Tociu, Laura and Fodor, {\'E}tienne and Nemoto, Takahiro and Vaikuntanathan, Suriyanarayanan},
title = {{How Dissipation Constrains Fluctuations in Nonequilibrium Liquids: Diffusion, Structure, and Biased Interactions}},
journal = {Physical Review X},
year = {2019},
volume = {9},
number = {4},
pages = {041026},
month = nov
}

@article{pastore2017,
author = {Pastore, Raffaele and Pesce, Giuseppe and Caggioni, Marco},
title = {{Differential Variance Analysis: a direct method to quantify and visualize dynamic heterogeneities}},
journal = {Sci Rep},
year = {2017},
pages = {1--9},
month = feb
}

@article{wang2012,
author = {Wang, Bo and Kuo, James and Bae, Sung Chul and Granick, Steve},
title = {{When Brownian diffusion is not Gaussian}},
journal = {Nature Publishing Group},
year = {2012},
volume = {11},
number = {6},
pages = {481--485},
month = jun
}

@article{martin1972,
author = {Martin, P C and Parodi, O and Pershan, P S},
title = {{Unified Hydrodynamic Theory for Crystals, Liquid Crystals, and Normal Fluids}},
journal = {Phys. Rev. A},
year = {1972},
volume = {6},
number = {6},
pages = {2401--2420},
month = dec
}

@article{royall2018sm,
author = {Royall, C Patrick},
title = {{Hunting mermaids in real space: known knowns, known unknowns and unknown unknowns}},
journal = {Soft Matter},
year = {2018},
pages = {1--9},
month = may
}

@article{vicsek1995prl,
author = {Vicsek, Tams and Czirk, Andrs and Ben-Jacob, Eshel and Cohen, Inon and Shochet, Ofer},
title = {{Novel type of phase transition in a system of self-driven particles}},
journal = {Phys. Rev. Lett.},
year = {1995},
volume = {75},
number = {6},
pages = {1226--1229},
month = jan
}

@article{wood2018jcp,
author = {Wood, Nicholas and Russo, John and Turci, Francesco and Royall, C Patrick},
title = {{Coupling of sedimentation and liquid structure: Influence on hard sphere nucleation}},
journal = {The Journal of Chemical Physics},
year = {2018},
volume = {149},
number = {20},
pages = {204506--8},
month = nov
}

@article{cavagna2018arxiv,
author = {Cavagna, Andrea and Culla, Antonio and Di Carlo, Luca and Giardina, Irene and Grigera, Tomas S},
title = {{Low-temperature marginal ferromagnetism explains anomalous scale-free correlations in natural flocks}},
journal = {arXiv},
year = {2018},
eprint = {1812.07522},
eprinttype = {arxiv},
eprintclass = {1812},
pages = {arXiv:1812.07522},
month = dec
}

@article{barberis2019,
author = {Barberis, Lucas and Peruani, Fernando},
title = {{Phase separation and emergence of collective motion in a one-dimensional system of active particles}},
journal = {The Journal of Chemical Physics},
year = {2019},
volume = {150},
number = {14},
pages = {144905--7},
month = apr
}

@article{besseling2015,
author = {Besseling, T H and Hermes, M and Kuijk, A and de Nijs, B and Deng, T-S and Dijkstra, M and Imhof, A and van Blaaderen, A},
title = {{Determination of the positions and orientations of concentrated rod-like colloids from 3D microscopy data}},
journal = {J. Phys.: Condens. Matter},
year = {2015},
volume = {27},
number = {19},
pages = {194109--14},
month = apr
}

@article{battaglia2016,
author = {Battaglia, Peter W and Pascanu, Razvan and Lai, Matthew and Rezende, Danilo and Kavukcuoglu, Koray},
title = {{Interaction Networks for Learning about Objects, Relations and Physics}},
journal = {arXiv},
year = {2016},
eprint = {1612.00222v1},
eprinttype = {arxiv},
eprintclass = {cs.AI},
pages = {4509--4517},
month = dec
}

@article{gazi2003,
author = {Gazi, V and Passino, K M},
title = {{Stability analysis of swarms}},
journal = {IEEE Trans. Automat. Contr.},
year = {2003},
volume = {48},
number = {4},
pages = {692--697},
month = apr
}

@article{bernal1959,
author = {Bernal, J D},
title = {{A Geometrical Approach to the Structure Of Liquids}},
journal = {Nature},
year = {1959},
volume = {183},
number = {4},
pages = {141--147},
month = jan
}

@article{kumar2020,
author = {Kumar, Avinash and Bechhoefer, John},
title = {{Exponentially faster cooling in a colloidal system}},
journal = {Nature},
year = {2020},
pages = {1--20},
month = aug
}

@article{richez2014,
author = {Richez, Alexandre P and Farrand, Louise and Goulding, Mark and Wilson, Jonathan H and Lawson, Simon and Biggs, Simon and Cayre, Olivier J},
title = {{Poly(dimethylsiloxane)-Stabilized Polymer Particles from Radical Dispersion Polymerization in Nonpolar Solvent: Influence of Stabilizer Properties and Monomer Type}},
journal = {Langmuir},
year = {2014},
volume = {30},
number = {5},
pages = {1220--1228},
month = jan
}

@article{gregoire2004,
author = {Gr{\'e}goire, Guillaume and Chat{\'e}, Hugues},
title = {{Onset of Collective and Cohesive Motion}},
journal = {Phys. Rev. Lett.},
year = {2004},
volume = {92},
number = {2},
pages = {487--4},
month = jan
}

@article{faggian2018,
author = {Faggian, Marco and Ginelli, Francesco and Marino, Francesco and Giacomelli, Giovanni},
title = {{Evidence of a Critical Phase Transition in Purely Temporal Dynamics with Long-Delayed Feedback}},
journal = {Phys. Rev. Lett.},
year = {2018},
volume = {120},
number = {17},
pages = {173901},
month = apr
}

@article{riosdeanda2017,
author = {R{\'\i}os de Anda, Ioatzin and Turci, Francesco and Sear, Richard P and Royall, C Patrick},
title = {{Long-lived non-equilibrium interstitial solid solutions in binary mixtures}},
journal = {The Journal of Chemical Physics},
year = {2017},
volume = {147},
number = {12},
pages = {124504--11},
month = sep
}

@article{cavagna2014arcmp,
author = {Cavagna, Andrea and Giardina, Irene},
title = {{Bird Flocks as Condensed Matter}},
journal = {Annu. Rev. Condens. Matter Phys.},
year = {2014},
volume = {5},
number = {1},
pages = {183--207},
month = mar
}

@article{fontaine2008,
author = {Fontaine, Ebraheem and Lentink, David and Kranenbarg, Sander and M{\"u}ller, Ulrike K and van Leeuwen, Johan L and Barr, Alan H and Burdick, Joel W},
title = {{Automated visual tracking for studying the ontogeny of zebrafish swimming}},
journal = {Journal of Experimental Biology},
year = {2008},
volume = {211},
number = {8},
pages = {1305--1316},
month = apr
}

@article{buchanan2018,
author = {Buchanan, Mark},
title = {{A natural bias for simplicity}},
journal = {Nat Phys},
year = {2018},
pages = {1--1},
month = nov
}

@article{bialke2012,
author = {Bialk{\'e}, Julian and Speck, Thomas and L{\"o}wen, Hartmut},
title = {{Crystallization in a Dense Suspension of Self-Propelled Particles}},
journal = {Phys. Rev. Lett.},
year = {2012},
volume = {108},
number = {16},
pages = {609--5},
month = apr
}

@article{wachinger2017,
author = {Wachinger, Christian and Reuter, Martin and Klein, Tassilo},
title = {{DeepNAT: Deep Convolutional Neural Network for Segmenting Neuroanatomy}},
journal = {arXiv},
year = {2017},
eprint = {1702.08192},
eprinttype = {arxiv},
eprintclass = {1702},
pages = {arXiv:1702.08192},
month = feb
}

@article{durve2020,
author = {Durve, Mihir and Piro, Lorenzo and Cencini, Massimo and Biferale, Luca and Celani, Antonio},
title = {{Collective olfactory search in a turbulent environment}},
year = {2020},
pages = {1--10},
month = jul
}

@article{okubo1974,
author = {Okubo, Akira and Chiang, H C},
title = {{An analysis of the kinematics of swarming ofAnarete pritchardi kim (Diptera: Cecidomyiidae)}},
journal = {Res Popul Ecol},
year = {1974},
volume = {16},
number = {1},
pages = {1--42},
month = sep
}

@article{bonnet2019,
author = {Bonnet, Frank and Mills, Rob and Szopek, Martina and Sch{\"o}nwetter-Fuchs, Sarah and Halloy, Jos{\'e} and Bogdan, Stjepan and Correia, Lu{\'\i}s and Mondada, Francesco and Schmickl, Thomas},
title = {{Robots mediating interactions between animals for interspecies collective behaviors}},
journal = {Science Robotics},
year = {2019},
volume = {4},
number = {28},
pages = {eaau7897},
month = jan
}

@article{partridge1980,
author = {Partridge, Brian L and Pitcher, Tony and Cullen, J Michael and Wilson, John},
title = {{The three-dimensional structure of fish schools}},
journal = {Behav Ecol Sociobiol},
year = {1980},
volume = {6},
number = {4},
pages = {277--288},
month = mar
}

@inproceedings{wu2009,
author = {Wu, Zheng and Hristov, Nickolay I and Hedrick, Tyson L and Kunz, Thomas H and Betke, Margrit},
title = {{Tracking a large number of objects from multiple views}},
booktitle = {2009 IEEE 12th International Conference on Computer Vision},
year = {2009},
pages = {1546--1553},
publisher = {IEEE}
}

@article{anonymous2019,
title = {{STRUCTURAL CROSSOVER}},
year = {2019},
pages = {1--26},
month = jan
}

@article{tunstrom2013,
author = {Tunstr{\o}m, Kolbj{\o}rn and Katz, Yael and Ioannou, Christos C and Huepe, Cristi{\'a}n and Lutz, Matthew J and Couzin, Iain D},
title = {{Collective States, Multistability and Transitional Behavior in Schooling Fish}},
journal = {PLoS Comput Biol},
year = {2013},
volume = {9},
number = {2},
pages = {e1002915--11},
month = feb
}

@article{dunkel2017,
author = {Dunkel, J ouml rn and Woodhouse, Francis G},
title = {{Active matter logic for autonomous microfluidics}},
journal = {Nat Comms},
year = {2017},
volume = {8},
pages = {1--7},
month = apr
}

@article{chate2019,
author = {Chat{\'e}, Hugues and Mahault, Beno{\^\i}t},
title = {{Dry, aligning, dilute, active matter: A synthetic and self-contained overview}},
journal = {arXiv},
year = {2019},
eprint = {1906.05542},
eprinttype = {arxiv},
eprintclass = {1906},
pages = {arXiv:1906.05542},
month = jun
}

@article{niizato2018,
author = {Niizato, Takayuki and Murakami, Hisashi},
title = {{Entangled time in flocking: Multi-time-scale interaction reveals emergence of inherent noise}},
journal = {PLoS ONE},
year = {2018},
volume = {13},
number = {4},
pages = {e0195988--21},
month = apr
}

@article{berthier2019,
author = {Berthier, Ludovic and Kurchan, Jorge},
title = {{Lectures on non-equilibrium active systems}},
year = {2019},
eprint = {1906.04039},
eprinttype = {arxiv},
month = jun
}

@article{engeszer2004,
author = {Engeszer, Raymond E and Ryan, Michael J and Parichy, David M},
title = {{Learned Social Preference in Zebrafish}},
journal = {Current Biology},
year = {2004},
volume = {14},
number = {10},
pages = {881--884},
month = may
}

@article{cavagna2020,
author = {Cavagna, Andrea and Chaikin, Paul M and Levine, Dov and Martiniani, Stefano and Puglisi, Andrea and Viale, Massimiliano},
title = {{Vicsek Model by Time-Interlaced Compression: a Dynamical Computable Information Density}},
year = {2020},
eprint = {2007.11322},
eprinttype = {arxiv},
month = jul
}

@article{sokolov2010,
author = {Sokolov, A and Apodaca, M M and Grzybowski, B A and Aranson, I S},
title = {{Swimming bacteria power microscopic gears}},
journal = {Proceedings of the National Academy of Sciences},
year = {2010},
volume = {107},
number = {3},
pages = {969--974},
month = jan
}

@article{dtextquoterightorsogna2006,
author = {D{\textquoteright}Orsogna, M R and Chuang, Y L and Bertozzi, A L and Chayes, L S},
title = {{Self-Propelled Particles with Soft-Core Interactions: Patterns, Stability, and Collapse}},
journal = {Phys. Rev. Lett.},
year = {2006},
volume = {96},
number = {10},
pages = {926--4},
month = mar
}

@article{karzbrun2018,
author = {Karzbrun, Eyal and Kshirsagar, Aditya and Cohen, Sidney R and Hanna, Jacob H and Reiner, Orly},
title = {{Human brain organoids on a chip reveal the physics of folding}},
journal = {Nat Phys},
year = {2018},
pages = {1--10},
month = apr
}

@article{malins2013,
author = {Malins, Alex and Williams, Stephen R and Eggers, Jens and Royall, C Patrick},
title = {{Identification of structure in condensed matter with the topological cluster classification}},
journal = {The Journal of Chemical Physics},
year = {2013},
volume = {139},
number = {23},
pages = {234506--22},
month = dec
}

@article{maggi2015,
author = {Maggi, Claudio and Simmchen, Juliane and Saglimbeni, Filippo and Katuri, Jaideep and Dipalo, Michele and De Angelis, Francesco and Sanchez, Samuel and Di Leonardo, Roberto},
title = {{Self-Assembly of Micromachining Systems Powered by Janus Micromotors}},
journal = {Small},
year = {2015},
volume = {12},
number = {4},
pages = {446--451},
month = dec
}

@article{meissner2017,
author = {Meissner, Max Frederik},
title = {{Microfluidics on the colloidal scale}},
year = {2017},
pages = {1--202},
month = sep
}

@article{dileonardo2016,
author = {Di Leonardo, Roberto},
title = {{Active colloids: Controlled collective motions}},
journal = {Nature Publishing Group},
year = {2016},
volume = {15},
number = {10},
pages = {1057--1058},
month = oct
}

@article{hinrichsen2000,
author = {Hinrichsen, Haye},
title = {{Non-equilibrium critical phenomena and phase transitions into absorbing states}},
journal = {ArXiV},
year = {2000},
volume = {49},
number = {7},
pages = {815--958},
month = nov
}

@book{hartley2003notpaper,
author = {Hartley, R and Zisserman, A},
title = {{Multiple View Geometry in Computer Vision}},
publisher = {Cambridge University Press},
year = {2003},
series = {Cambridge books online}
}

@inproceedings{bay2006,
author = {Bay, Herbert and Tuytelaars, Tinne and Van Gool, Luc},
title = {{SURF: Speeded up robust features}},
booktitle = {Lecture Notes in Computer Science (including subseries Lecture Notes in Artificial Intelligence and Lecture Notes in Bioinformatics)},
year = {2006},
pages = {404--417},
organization = {ETH Z{\"u}rich, Zurich ZH,, Switzerland},
publisher = {Springer Berlin Heidelberg},
address = {Berlin, Heidelberg},
month = jul
}

@article{sheng2006,
author = {Sheng, Jian and Malkiel, Edwin and Katz, Joseph},
title = {{Digital holographic microscope for measuring three-dimensional particle distributions and motions}},
journal = {Appl Opt},
year = {2006},
volume = {45},
number = {16},
pages = {3893--3901},
month = jun
}

@article{helbing2000,
author = {Helbing, D and Farkas, I and Vicsek, T},
title = {{Simulating dynamical features of escape panic}},
journal = {Nature},
year = {2000},
volume = {407},
number = {6803},
pages = {487--490}
}

@article{cavagna2015,
author = {Cavagna, Andrea and Del Castello, Lorenzo and Dey, Supravat and Giardina, Irene and Melillo, Stefania and Parisi, Leonardo and Viale, Massimiliano},
title = {{Short-range interactions versus long-range correlations in bird flocks}},
journal = {Phys. Rev. E},
year = {2015},
volume = {92},
number = {1},
pages = {012705--15},
month = jul
}

@article{mann2013,
author = {Mann, Richard P and Faria, Jolyon and Sumpter, David J T and Krause, Jens},
title = {{The dynamics of audience applause}},
journal = {Journal of The Royal Society Interface},
year = {2013},
volume = {10},
number = {85},
pages = {20130466--7},
month = aug
}

@article{tda2018,
author = {T{\d{a}}, T{\^o}n Việt and Nguyen, Linh Thi Hoai},
title = {{A stochastic differential equation model for the foraging behavior of fish schools}},
journal = {Phys. Biol.},
year = {2018},
volume = {15},
number = {3},
pages = {036007--12},
month = may
}

@article{ginelli2015,
author = {Ginelli, Francesco and Peruani, Fernando and Pillot, Marie-Hel{\`e}ne and Chat{\'e}, Hugues and Theraulaz, Guy and Bon, Richard},
title = {{Intermittent collective dynamics emerge from conflicting imperatives in sheep herds}},
journal = {Proceedings of the National Academy of Sciences},
year = {2015},
volume = {112},
number = {41},
pages = {12729--12734},
month = oct
}

@article{watkins2015,
author = {Watkins, Nicholas W and Pruessner, Gunnar and Chapman, Sandra C and Crosby, Norma B and Jensen, Henrik J},
title = {{25 Years of Self-organized Criticality: Concepts and Controversies}},
journal = {Space Sci Rev},
year = {2015},
pages = {1--42},
month = dec
}

@article{attanasi2014pcb,
author = {Attanasi, Alessandro and Cavagna, Andrea and Del Castello, Lorenzo and Giardina, Irene and Melillo, Stefania and Parisi, Leonardo and Pohl, Oliver and Rossaro, Bruno and Shen, Edward and Silvestri, Edmondo and Viale, Massimiliano},
title = {{Collective Behaviour without Collective Order in Wild Swarms of Midges}},
journal = {PLoS Comput Biol},
year = {2014},
volume = {10},
number = {7},
pages = {e1003697--10},
month = jul
}

@article{mcfarland1999,
author = {McFarland, Wendy},
title = {{John Kirkwood}},
year = {1999},
pages = {1--14},
month = jun
}

@article{wu2009pnasu,
author = {Wu, Yilin and Kaiser, A Dale and Jiang, Yi and Alber, Mark S},
title = {{Periodic reversal of direction allows Myxobacteria to swarm.}},
journal = {Proc. Natl. Acad. Sci. U.S.A.},
year = {2009},
volume = {106},
number = {4},
pages = {1222--1227},
month = jan
}

@article{soderlund1998,
author = {S{\"o}derlund, J and Kiss, L B and Niklasson, G A and Granqvist, C G},
title = {{Lognormal Size Distributions in Particle Growth Processes without Coagulation}},
journal = {Phys. Rev. Lett.},
year = {1998},
volume = {80},
number = {11},
pages = {2386--2388},
month = mar
}

@article{nguyen2011,
author = {Nguyen, Van Duc and Hu, Zhibing and Schall, Peter},
title = {{Single crystal growth and anisotropic crystal-fluid interfacial free energy in soft colloidal systems}},
journal = {Phys. Rev. E},
year = {2011},
volume = {84},
number = {1},
pages = {57--6},
month = jul
}

@article{cavagna2017,
author = {Cavagna, Andrea and Conti, Daniele and Creato, Chiara and Del Castello, Lorenzo and Giardina, Irene and Grigera, Tomas S and Melillo, Stefania and Parisi, Leonardo and Viale, Massimiliano},
title = {{Dynamic scaling in natural swarms}},
journal = {Nat Phys},
year = {2017},
volume = {13},
number = {9},
pages = {914--918},
month = jun
}

@article{argandacarreras2017,
author = {Arganda-Carreras, Ignacio and Kaynig, Verena and Rueden, Curtis and Eliceiri, Kevin W and Schindelin, Johannes and Cardona, Albert and Sebastian Seung, H},
title = {{Trainable Weka Segmentation: a machine learning tool for microscopy pixel classification}},
journal = {Bioinformatics},
year = {2017},
volume = {33},
number = {15},
pages = {2424--2426},
month = mar
}

@article{szamel2015,
author = {Szamel, Grzegorz and Flenner, Elijah and Berthier, Ludovic},
title = {{Glassy dynamics of athermal self-propelled particles: Computer simulations and a nonequilibrium microscopic theory}},
journal = {Phys. Rev. E},
year = {2015},
volume = {91},
number = {6},
pages = {062304--8},
month = jun
}

@article{bhaskar2019,
author = {Bhaskar, Dhananjay and Manhart, Angelika and Milzman, Jesse and Nardini, John T and Storey, Kathleen and Topaz, Chad M and Ziegelmeier, Lori},
title = {{Analyzing Collective Motion with Machine Learning and Topology}},
journal = {arXiv},
year = {2019},
eprint = {1908.09081v2},
eprinttype = {arxiv},
eprintclass = {math.AT},
number = {12},
pages = {123125},
month = aug
}

@article{stenhammar2014,
author = {Stenhammar, Joakim and Marenduzzo, Davide and Allen, Rosalind J and Cates, Michael E},
title = {{Phase behaviour of active Brownian particles: the role of dimensionality}},
journal = {Soft Matter},
year = {2014},
volume = {10},
number = {10},
pages = {1489--1499}
}

@article{fu2014,
author = {Fu, Xinning and Chen, Dan and Wang, Min and Yang, Yushi and Wu, Qingzhi and Ma, Jianmin and Zhao, Xinsheng},
title = {{Synthesis of porous CoFe2O4 octahedral structures and studies on electrochemical Li storage behavior}},
journal = {Electrochimica Acta},
year = {2014},
volume = {116},
pages = {164--169},
month = jan
}

@article{sapudom2017,
author = {Sapudom, Jiranuwat and Waschke, Johannes and Franke, Katja and Hlawitschka, Mario and Pompe, Tilo},
title = {{Quantitative label-free single cell tracking in 3D biomimetic matrices}},
journal = {Sci Rep},
year = {2017},
pages = {1--9},
month = oct
}

@article{volpe2011,
author = {Volpe, Giovanni and Buttinoni, Ivo and Vogt, Dominik and K{\"u}mmerer, Hans-J{\"u}rgen and Bechinger, Clemens},
title = {{Microswimmers in patterned environments}},
journal = {Soft Matter},
year = {2011},
volume = {7},
number = {19},
pages = {8810--6}
}

@article{hayakawa2010,
author = {Hayakawa, Y},
title = {{Spatiotemporal dynamics of skeins of wild geese}},
journal = {Europhys. Lett.},
year = {2010},
volume = {89},
number = {4},
pages = {48004--7},
month = mar
}

@book{solem2012,
author = {Solem, Jan},
title = {{Programming Computer Vision with Python}},
publisher = {O'Reilly Media, Inc.},
year = {2012},
series = {Tools and Algorithms for Analyzing Images},
month = jun
}

@article{mishra2012,
author = {Mishra, Shradha and Tunstr{\o}m, Kolbj{\o}rn and Couzin, Iain D and Huepe, Cristi{\'a}n},
title = {{Collective dynamics of self-propelled particles with variable speed}},
journal = {Phys. Rev. E},
year = {2012},
volume = {86},
number = {1},
pages = {28--11},
month = jul
}

@article{ballerini2008,
author = {Ballerini, Michele and Cabibbo, Nicola and Candelier, Raphael and Cavagna, Andrea and Cisbani, Evaristo and Giardina, Irene and Orlandi, Alberto and Parisi, Giorgio and Procaccini, Andrea and Viale, Massimiliano and Zdravkovic, Vladimir},
title = {{Empirical investigation of starling flocks: a benchmark study in collective animal behaviour}},
journal = {Animal Behaviour},
year = {2008},
volume = {76},
number = {1},
pages = {201--215},
month = jul
}

@article{taffs2014,
author = {Taffs, Jade},
title = {{Local Structure in Crystallization}},
year = {2014},
pages = {1--107},
month = nov
}

@article{cavagna2015jsp,
author = {Cavagna, Andrea and Del Castello, Lorenzo and Giardina, Irene and Grigera, Tomas and Jelic, Asja and Melillo, Stefania and Mora, Thierry and Parisi, Leonardo and Silvestri, Edmondo and Viale, Massimiliano and Walczak, Aleksandra M},
title = {{Flocking and Turning: a New Model for Self-organized Collective Motion}},
journal = {Journal of Statistical Physics},
year = {2015},
volume = {158},
number = {3},
pages = {601--627},
month = feb
}

@article{moss2020,
author = {Moss, Joanna J and Hammond, Chrissy L and Lane, Jon D},
title = {{Zebrafish as a model to study autophagy and its role in skeletal development and disease}},
journal = {Histochemistry and Cell Biology},
year = {2020},
volume = {154},
number = {5},
pages = {549--564},
month = sep
}

@article{rye2020,
author = {Rye, Craig D and Jackson, Tim},
title = {{Using critical slowing down indicators to understand economic growth rate variability and secular stagnation}},
journal = {Sci Rep},
year = {2020},
pages = {1--11},
month = jun
}

@article{ulmer2019,
author = {Ulmer, M and Ziegelmeier, Lori and Topaz, Chad M},
title = {{A topological approach to selecting models of biological experiments}},
journal = {PLoS ONE},
year = {2019},
volume = {14},
number = {3},
pages = {e0213679--18},
month = mar
}

@article{ling2019prsb,
author = {Ling, Hangjian and Mclvor, Guillam E and van der Vaart, Kasper and Vaughan, Richard T and Thornton, Alex and Ouellette, Nicholas T},
title = {{Local interactions and their group-level consequences in flocking jackdaws}},
journal = {Proc. R. Soc. B},
year = {2019},
volume = {286},
number = {1906},
pages = {20190865--10},
month = jul
}

@article{abate2007,
author = {Abate, A R and Durian, D J},
title = {{Topological persistence and dynamical heterogeneities near jamming}},
journal = {Phys. Rev. E},
year = {2007},
volume = {76},
number = {2},
pages = {021306--9},
month = aug
}

@article{wilson1972,
author = {WILSON, K G and FISHER, M E},
title = {{Critical Exponents in 3.99 Dimensions}},
journal = {Phys. Rev. Lett.},
year = {1972},
volume = {28},
number = {4},
pages = {240--{\&}}
}

@article{kabsch1976,
author = {Kabsch, W},
title = {{A solution for the best rotation to relate two sets of vectors}},
journal = {Acta Cryst A},
year = {1976},
volume = {32},
number = {5},
pages = {922--923},
month = jan
}

@article{mauleonamieva2020,
author = {Mauleon-Amieva, Abraham and Mosayebi, Majid and Hallett, James E and Turci, Francesco and Liverpool, Tanniemola B and van Duijneveldt, Jeroen S and Royall, C Patrick},
title = {{Competing active and passive interactions drive amoebalike crystallites and ordered bands in active colloids}},
year = {2020},
pages = {1--11},
month = sep
}

@article{kalueff2013,
author = {Kalueff, Allan V and Gebhardt, Michael and Stewart, Adam Michael and Cachat, Jonathan M and Brimmer, Mallorie and Chawla, Jonathan S and Craddock, Cassandra and Kyzar, Evan J and Roth, Andrew and Landsman, Samuel and Gaikwad, Siddharth and Robinson, Kyle and Baatrup, Erik and Tierney, Keith and Shamchuk, Angela and Norton, William and Miller, Noam and Nicolson, Teresa and Braubach, Oliver and Gilman, Charles P and Pittman, Julian and Rosemberg, Denis B and Gerlai, Robert and Echevarria, David and Lamb, Elisabeth and Neuhauss, Stephan C F and Weng, Wei and Bally-Cuif, Laure and Schneider and the Zebrafish Neuros, Henning},
title = {{Towards a Comprehensive Catalog of Zebrafish Behavior 1.0 and Beyond}},
journal = {Zebrafish},
year = {2013},
volume = {10},
number = {1},
pages = {70--86},
month = mar
}

@article{lawrence2007,
author = {Lawrence, Christian},
title = {{The husbandry of zebrafish (Danio rerio): A review}},
journal = {Aquaculture},
year = {2007},
volume = {269},
number = {1-4},
pages = {1--20},
month = sep
}

@article{rodriguez2017,
author = {Rodriguez, Alvaro and Zhang, Hanqing and Klaminder, Jonatan and Brodin, Tomas and Andersson, Patrik L and Andersson, Magnus},
title = {{ToxTrac: A fast and robust software for tracking organisms}},
journal = {Methods Ecol Evol},
year = {2017},
volume = {9},
number = {3},
pages = {460--464},
month = sep
}

@article{ballerini2008ab,
author = {Ballerini, Michele and Cabibbo, Nicola and Candelier, Raphael and Cavagna, Andrea and Cisbani, Evaristo and Giardina, Irene and Orlandi, Alberto and Parisi, Giorgio and Procaccini, Andrea and Viale, Massimiliano and Zdravkovic, Vladimir},
title = {{Empirical investigation of starling flocks: a benchmark study in collective animal behaviour}},
journal = {Animal Behaviour},
year = {2008},
volume = {76},
number = {1},
pages = {201--215},
month = jul
}

@article{chate2020,
author = {Chat{\'e}, Hugues},
title = {{Dry Aligning Dilute Active Matter}},
journal = {Annu. Rev. Condens. Matter Phys.},
year = {2020},
volume = {11},
number = {1},
pages = {189--212},
month = mar
}

@article{cambui2012,
author = {Cambu{\'\i}, Dor{\'\i}lson Silva and Rosas, Alexandre},
title = {{Density induced transition in a school of fish}},
journal = {Physica A},
year = {2012},
volume = {391},
number = {15},
pages = {3908--3914},
month = aug
}

@article{newby2018,
author = {Newby, Jay M and Schaefer, Alison M and Lee, Phoebe T and Forest, M Gregory and Lai, Samuel K},
title = {{Convolutional neural networks automate detection for tracking of submicron-scale particles in 2D and 3D}},
journal = {Proceedings of the National Academy of Sciences},
year = {2018},
volume = {115},
number = {36},
pages = {9026--9031},
month = sep
}

@article{katz2011,
author = {Katz, Yael and Tunstr{\o}m, Kolbj{\o}rn and Ioannou, Christos C and Huepe, Cristi{\'a}n and Couzin, Iain D},
title = {{Inferring the structure and dynamics of interactions in schooling fish}},
journal = {Proc. Natl. Acad. Sci. U.S.A.},
year = {2011},
volume = {108},
number = {46},
pages = {18720--18725},
month = nov
}

@article{belden2019,
author = {Belden, J and Mansoor, M M and Hellum, A and Rahman, S R and Meyer, A and Pease, C and Pacheco, J and Koziol, S and Truscott, T T},
title = {{How vision governs the collective behaviour of dense cycling pelotons}},
journal = {Journal of The Royal Society Interface},
year = {2019},
volume = {16},
number = {156},
pages = {20190197--9},
month = jul
}

@article{eguiluz2005,
author = {Egu{\'\i}luz, Victor M and Chialvo, Dante R and Cecchi, Guillermo A and Baliki, Marwan and Apkarian, A Vania},
title = {{Scale-Free Brain Functional Networks}},
journal = {Phys. Rev. Lett.},
year = {2005},
volume = {94},
number = {1},
pages = {47--4},
month = jan
}

@article{nema2016,
author = {Nema, Shubham and Hasan, Whidul and Bhargava, Anamika and Bhargava, Yogesh},
title = {{A novel method for automated tracking and quantification of adult zebrafish behaviour during anxiety}},
journal = {Journal of Neuroscience Methods},
year = {2016},
volume = {271},
pages = {65--75},
month = sep
}

@article{bartolini2016,
author = {Bartolini, Tiziana and Mwaffo, Violet and Showler, Ashleigh and Macr{\`\i}, Simone and Butail, Sachit and Porfiri, Maurizio},
title = {{Zebrafish response to 3D printed shoals of conspecifics: the effect of body size}},
journal = {Bioinspir. Biomim.},
year = {2016},
volume = {11},
number = {2},
pages = {026003--12},
month = apr
}

@article{lekkerkerker2007,
author = {Lekkerkerker, H N W and Poon, W C K and Pusey, P N and Stroobants, A and Warren, P B},
title = {{Phase Behaviour of Colloid + Polymer Mixtures}},
journal = {Europhys. Lett.},
year = {2007},
volume = {20},
number = {6},
pages = {559--564},
month = jul
}

@article{cerbino2018,
author = {Cerbino, Roberto},
title = {{Quantitative optical microscopy of colloids: The legacy of Jean Perrin}},
journal = {Current Opinion in Colloid {\&} Interface Science},
year = {2018},
volume = {34},
number = {C},
pages = {47--58},
month = mar
}

@article{egerstedt2001,
author = {Egerstedt, M and Xiaoming Hu},
title = {{Formation constrained multi-agent control}},
journal = {IEEE Trans. Robot. Automat.},
year = {2001},
volume = {17},
number = {6},
pages = {947--951}
}

@article{liu2018,
author = {Liu, Tsung-Li and Upadhyayula, Srigokul and Milkie, Daniel E and Singh, Ved and Wang, Kai and Swinburne, Ian A and Mosaliganti, Kishore R and Collins, Zach M and Hiscock, Tom W and Shea, Jamien and Kohrman, Abraham Q and Medwig, Taylor N and Dambournet, Daphne and Forster, Ryan and Cunniff, Brian and Ruan, Yuan and Yashiro, Hanako and Scholpp, Steffen and Meyerowitz, Elliot M and Hockemeyer, Dirk and Drubin, David G and Martin, Benjamin L and Matus, David Q and Koyama, Minoru and Megason, Sean G and Kirchhausen, Tom and Betzig, Eric},
title = {{Observing the cell in its native state: Imaging subcellular dynamics in multicellular organisms.}},
journal = {Science},
year = {2018},
volume = {360},
number = {6386},
pages = {eaaq1392},
month = apr
}

@article{pinchaipat2017,
author = {Pinchaipat, Rattachai and Campo, Matteo and Turci, Francesco and Hallett, James E and Speck, Thomas and Royall, C Patrick},
title = {{Experimental Evidence for a Structural-Dynamical Transition in Trajectory Space}},
journal = {Phys. Rev. Lett.},
year = {2017},
volume = {119},
number = {2},
pages = {028004--5},
month = jul
}

@article{lukeman2010,
author = {Lukeman, Ryan and Li, Yue-Xian and Edelstein-Keshet, Leah and Levin, Simon A},
title = {{Inferring individual rules from collective behavior}},
journal = {Proc. Natl. Acad. Sci. U.S.A.},
year = {2010},
volume = {107},
number = {28},
pages = {12576--12580},
month = jul
}

@article{wang2016,
author = {Wang, Shuo Hong and Cheng, Xi En and Qian, Zhi-Ming and Liu, Ye and Chen, Yan Qiu},
title = {{Automated Planar Tracking the Waving Bodies of Multiple Zebrafish Swimming in Shallow Water}},
journal = {PLoS ONE},
year = {2016},
volume = {11},
number = {4},
pages = {e0154714--23},
month = apr
}

@article{liu2014,
author = {LIU, MingYong and LEI, XiaoKang and YANG, PanPan and PENG, XingGuang},
title = {{Progress of theoretical modelling and empirical studies on collective motion}},
journal = {Chinese Sci Bull (Chinese Ver)},
year = {2014},
volume = {59},
number = {25},
pages = {2464--21}
}

@article{patrickroyall2007,
author = {Patrick Royall, C and Aarts, Dirk G A L and Tanaka, Hajime},
title = {{Bridging length scales in colloidal liquids and interfaces from near-critical divergence to single particles}},
journal = {Nat Phys},
year = {2007},
volume = {3},
number = {9},
pages = {636--640},
month = jul
}

@article{madsen2018,
author = {Madsen, Jacob and Liu, Pei and Kling, Jens and Wagner, Jakob Birkedal and Hansen, Thomas Willum and Winther, Ole and Schi{\o}tz, Jakob},
title = {{A Deep Learning Approach to Identify Local Structures in Atomic-Resolution Transmission Electron Microscopy Images}},
journal = {Adv. Theory Simul.},
year = {2018},
volume = {1},
number = {8},
pages = {1800037--12},
month = jul
}

@article{boattini2020,
author = {Boattini, Emanuele and Mar{\'\i}n-Aguilar, Susana and Mitra, Saheli and Foffi, Giuseppe and Smallenburg, Frank and Filion, Laura},
title = {{Autonomously revealing hidden local structures in supercooled liquids}},
journal = {arXiv},
year = {2020},
eprint = {2003.00586v1},
eprinttype = {arxiv},
eprintclass = {cond-mat.soft},
month = mar
}

@article{xu2008,
author = {Xu, Haitao},
title = {{Tracking Lagrangian trajectories in position{\textendash}velocity space}},
journal = {Meas. Sci. Technol.},
year = {2008},
volume = {19},
number = {7},
pages = {075105--11},
month = jun
}

@article{fernandezrico2020,
author = {Fern{\'a}ndez-Rico, Carla and Chiappini, Massimiliano and Yanagishima, Taiki and de Sousa, Heidi and Aarts, Dirk G A L and Dijkstra, Marjolein and Dullens, Roel P A},
title = {{Shaping colloidal bananas to reveal biaxial, splay-bend nematic, and smectic phases.}},
journal = {Science},
year = {2020},
volume = {369},
number = {6506},
pages = {950--955},
month = aug
}

@article{meschede2013,
author = {Meschede, M and Hallatschek, O},
title = {{Local disalignment can promote coherent collective motion}},
journal = {New J. Phys.},
year = {2013},
volume = {15},
number = {4},
pages = {045027--15},
month = apr
}

@article{chiron2013,
author = {Chiron, Guillaume and Gomez-Kr{\"a}mer, Petra and M{\'e}nard, Michel},
title = {{Detecting and tracking honeybees in 3D at the beehive entrance using stereo vision}},
journal = {EURASIP Journal on Image and Video Processing},
year = {2013},
volume = {2013},
number = {1},
pages = {59},
month = dec
}

@article{lu2013,
author = {Lu, Peter J and Weitz, David A},
title = {{Colloidal Particles: Crystals, Glasses, and Gels}},
journal = {Annu. Rev. Condens. Matter Phys.},
year = {2013},
volume = {4},
number = {1},
pages = {217--233},
month = apr
}

@article{ajdari2000,
author = {Ajdari, A},
title = {{Pumping liquids using asymmetric electrode arrays}},
journal = {Phys Rev E Stat Phys Plasmas Fluids Relat Interdiscip Topics},
year = {2000},
volume = {61},
number = {1},
pages = {R45--R48},
month = jan
}

@article{bonabeau1999,
author = {Bonabeau, Eric and Dagorn, Laurent and Pr{\'e}on, Pierre},
title = {{Scaling in animal group-size distributions}},
journal = {Proc. Natl. Acad. Sci. U.S.A.},
year = {1999},
volume = {96},
number = {8},
pages = {4472--4477},
month = apr
}

@article{beer2020,
author = {Be'er, Avraham and Ilkanaiv, Bella and Gross, Renan and Kearns, Daniel B and Heidenreich, Sebastian and B{\"a}r, Markus and Ariel, Gil},
title = {{A phase diagram for bacterial swarming}},
journal = {Communications Physics},
year = {2020},
pages = {1--8},
month = mar
}

@article{mendezvalderrama2018nc,
author = {M{\'e}ndez-Valderrama, J Felipe and Kinkhabwala, Yunus A and Silver, Jeffrey and Cohen, Itai and Arias, T A},
title = {{Density-functional fluctuation theory of crowds}},
journal = {Nat Comms},
year = {2018},
volume = {9},
number = {1},
pages = {228701--10},
month = aug
}

@article{burov2017,
author = {Burov, Stanislav and Figliozzi, Patrick and Lin, Binhua and Rice, Stuart A and Scherer, Norbert F and Dinner, Aaron R},
title = {{Single-pixel interior filling function approach for detecting and correcting errors in particle tracking}},
journal = {Proceedings of the National Academy of Sciences},
year = {2017},
volume = {114},
number = {2},
pages = {221--226},
month = jan
}

@article{savin2005,
author = {Savin, Thierry and Doyle, Patrick S},
title = {{Static and Dynamic Errors in Particle Tracking Microrheology}},
journal = {Biophysj},
year = {2005},
volume = {88},
number = {1},
pages = {623--638},
month = jan
}

@article{couzin2002,
author = {Couzin, Iain D and Krause, Jens and James, Richard and Ruxton, Graeme D and Franks, Nigel R},
title = {{Collective memory and spatial sorting in animal groups}},
journal = {Journal of Theoretical Biology},
year = {2002},
volume = {218},
number = {1},
pages = {1--11},
month = jan
}

@article{kolmogorov1968,
author = {Kolmogorov, A N},
title = {{Three approaches to the quantitative definition of information}},
journal = {International Journal of Computer Mathematics},
year = {1968},
volume = {2},
number = {1-4},
pages = {157--168},
month = jan
}

@article{mateolozano2008,
author = {Mateo Lozano, Oscar and Otsuka, Kazuhiro},
title = {{Real-time Visual Tracker by Stream Processing}},
journal = {J Sign Process Syst Sign Image Video Technol},
year = {2008},
volume = {57},
number = {2},
pages = {285--295},
month = jul
}

@article{bapst2020,
author = {Bapst, V and Keck, T and Grabska-Barwi{\'{n}}ska, A and Donner, C and Cubuk, E D and Schoenholz, S S and Obika, A and Nelson, A W R and Back, T and Hassabis, D and Kohli, P},
title = {{Unveiling the predictive power of static structure in glassy systems}},
journal = {Nat Phys},
year = {2020},
pages = {1--19},
month = apr
}

@article{gerum2018,
author = {Gerum, Richard and Richter, Sebastian and Fabry, Ben and Le Bohec, C{\'e}line and Bonadonna, Francesco and Nesterova, Anna and Zitterbart, Daniel P},
title = {{Structural organisation and dynamics in king penguin colonies}},
journal = {Journal of Physics D: Applied Physics},
year = {2018},
volume = {51},
number = {16},
pages = {164004--17},
month = apr
}

@article{ashraf2017,
author = {Ashraf, Intesaaf and Bradshaw, Hanae and Ha, Thanh-Tung and Halloy, Jos{\'e} and Godoy-Diana, Ramiro and Thiria, Benjamin},
title = {{Simple phalanx pattern leads to energy saving in cohesive fish schooling}},
journal = {Proceedings of the National Academy of Sciences},
year = {2017},
volume = {114},
number = {36},
pages = {9599--9604}
}

@article{rulands2018np,
author = {Rulands, Steffen and Lescroart, Fabienne and Chabab, Samira and Hindley, Christopher J and Prior, Nicole and Sznurkowska, Magdalena K and Huch, Meritxell and Philpott, Anna and Blanpain, Cedric and Simons, Benjamin D},
title = {{Universality of clone dynamics during tissue development}},
journal = {Nat Phys},
year = {2018},
volume = {14},
number = {5},
pages = {469--474},
month = may
}

@article{admin2017,
author = {{ADMIN}},
title = {{Insights into phase transition kinetics from colloid science}},
year = {2017},
pages = {1--5},
month = oct
}

@article{malmikakkada2018,
author = {Malmi-Kakkada, Abdul N and Li, Xin and Samanta, Himadri S and Sinha, Sumit and Thirumalai, D},
title = {{Cell Growth Rate Dictates the Onset of Glass to Fluidlike Transition and Long Time Superdiffusion in an Evolving Cell Colony}},
journal = {Physical Review X},
year = {2018},
volume = {8},
number = {2},
pages = {021025},
month = apr
}

@inproceedings{wu2009notpaper,
author = {Wu, Zheng and Hristov, Nickolay I and Kunz, Thomas H and Betke, Margrit},
title = {{Tracking-reconstruction or reconstruction-tracking? Comparison of two multiple hypothesis tracking approaches to interpret 3D object motion from several camera views}},
booktitle = {2009 Workshop on Motion and Video Computing (WMVC)},
year = {2009},
pages = {1--8},
publisher = {IEEE}
}

@article{ota2020,
author = {Ota, Kaiichiro and Aihara, Ikkyu and Aoyagi, Toshio},
title = {{Interaction mechanisms quantified from dynamical features of frog choruses}},
journal = {R. Soc. open sci.},
year = {2020},
volume = {7},
number = {3},
pages = {191693--12},
month = mar
}

@article{casiulis2020,
author = {Casiulis, Mathias and Tarzia, Marco and Cugliandolo, Leticia F and Dauchot, Olivier},
title = {{Velocity and Speed Correlations in Hamiltonian Flocks}},
journal = {Phys. Rev. Lett.},
year = {2020},
volume = {124},
number = {19},
pages = {198001},
month = may
}

@article{turlier2016,
author = {Turlier, H and Fedosov, D A and Audoly, B and Auth, T and Gov, N S and Sykes, C and Joanny, J F and Gompper, G and Betz, T},
title = {{Equilibrium physics breakdown reveals the active nature of red blood cell flickering}},
journal = {Nat Phys},
year = {2016},
volume = {12},
number = {5},
pages = {513--519},
month = jan
}

@article{giardina2010,
author = {Giardina, Irene},
title = {{Collective behavior in animal groups: Theoretical models and empirical studies}},
journal = {HFSP Journal},
year = {2010},
volume = {2},
number = {4},
pages = {205--219},
month = sep
}

@article{aldana2007,
author = {Aldana, M and Dossetti, V and Huepe, C and Kenkre, V M and Larralde, H},
title = {{Phase Transitions in Systems of Self-Propelled Agents and Related Network Models}},
journal = {Phys. Rev. Lett.},
year = {2007},
volume = {98},
number = {9},
pages = {347--4},
month = mar
}

@article{leocmach2013,
author = {Leocmach, Mathieu and Tanaka, Hajime},
title = {{A novel particle tracking method with individual particle size measurement and its application to ordering in glassy hard sphere colloids}},
journal = {Soft Matter},
year = {2013},
volume = {9},
number = {5},
pages = {1447--1457}
}

@article{olfatisaber2006,
author = {Olfati-Saber, R},
title = {{Flocking for Multi-Agent Dynamic Systems: Algorithms and Theory}},
journal = {IEEE Trans. Automat. Contr.},
year = {2006},
volume = {51},
number = {3},
pages = {401--420},
month = mar
}

@article{scarano2012,
author = {Scarano, F},
title = {{Tomographic PIV: principles and practice}},
journal = {Meas. Sci. Technol.},
year = {2012},
volume = {24},
number = {1},
pages = {012001--29},
month = oct
}

@article{tang2020,
author = {Tang, Wenlong and Davidson, Jacob D and Zhang, Guoqiang and Conen, Katherine E and Fang, Jian and Serluca, Fabrizio and Li, Jingyao and Xiong, Xiaorui and Coble, Matthew and Tsai, Tingwei and Molind, Gregory and Fawcett, Caroline H and Sanchez, Ellen and Zhu, Peixin and Couzin, Iain D and Fishman, Mark C},
title = {{Genetic Control of Collective Behavior in Zebrafish}},
journal = {ISCIENCE},
year = {2020},
volume = {23},
number = {3},
pages = {100942},
month = mar
}

@article{farkas2002nature,
author = {Farkas, I and Helbing, D and Vicsek, T},
title = {{Social behaviour: Mexican waves in an excitable medium - The stimulation of this concerted motion among expectant spectators is explained.}},
journal = {Nature},
year = {2002},
volume = {419},
number = {6903},
pages = {131--132}
}

@article{ramaswamy2010,
author = {Ramaswamy, Sriram},
title = {{The Mechanics and Statistics of Active Matter}},
journal = {Annu. Rev. Condens. Matter Phys.},
year = {2010},
volume = {1},
number = {1},
pages = {323--345},
month = aug
}

@article{guttal2012,
author = {Guttal, Vishwesha and Romanczuk, Pawel and Simpson, Stephen J and Sword, Gregory A and Couzin, Iain D},
title = {{Cannibalism can drive the evolution of behavioural phase polyphenism in locusts}},
journal = {Ecol Lett},
year = {2012},
volume = {15},
number = {10},
pages = {1158--1166},
month = aug
}

@article{hell1993,
author = {HELL, S and REINER, G and CREMER, C and STELZER, EHK},
title = {{Aberrations in Confocal Fluorescence Microscopy Induced by Mismatches in Refractive-Index}},
journal = {J Microsc},
year = {1993},
volume = {169},
number = {3},
pages = {391--405},
month = mar
}

@article{gilbert1972,
author = {Gilbert, Peter},
title = {{Iterative methods for the three-dimensional reconstruction of an object from projections}},
journal = {Journal of Theoretical Biology},
year = {1972},
volume = {36},
number = {1},
pages = {105--117},
month = jul
}

@article{deseigne2010,
author = {Deseigne, Julien and Dauchot, Olivier and Chat{\'e}, Hugues},
title = {{Collective Motion of Vibrated Polar Disks}},
journal = {Phys. Rev. Lett.},
year = {2010},
volume = {105},
number = {9},
pages = {098001--4},
month = aug
}

@article{hansen1969,
author = {Hansen, Jean-Pierre and Verlet, Loup},
title = {{Phase transitions of the Lennard-Jones system}},
journal = {Phys. Rev.},
year = {1969},
volume = {184},
number = {1},
pages = {151--161},
month = dec
}

@article{royall2007,
author = {Royall, C Patrick and Dzubiella, Joachim and Schmidt, Matthias and van Blaaderen, Alfons},
title = {{Nonequilibrium Sedimentation of Colloids on the Particle Scale}},
journal = {Phys. Rev. Lett.},
year = {2007},
volume = {98},
number = {18},
pages = {77--4},
month = may
}

@article{frishman2018,
author = {Frishman, Anna and Ronceray, Pierre},
title = {{Learning force fields from stochastic trajectories}},
journal = {arXiv},
year = {2018},
eprint = {1809.09650v2},
eprinttype = {arxiv},
eprintclass = {1809},
pages = {arXiv:1809.09650},
month = sep
}

@article{hanggi2005,
author = {H{\"a}nggi, Peter and Marchesoni, Fabio},
title = {{Introduction: 100years of Brownian motion}},
journal = {Chaos},
year = {2005},
volume = {15},
number = {2},
pages = {026101--6},
month = jun
}

@article{pawelek2006,
author = {Pawelek, Peter D and Croteau, Nathalie and Ng-Thow-Hing, Christopher and Khursigara, Cezar M and Moiseeva, Natalia and Allaire, Marc and Coulton, James W},
title = {{Structure of TonB in complex with FhuA, E. coli outer membrane receptor.}},
journal = {Science},
year = {2006},
volume = {312},
number = {5778},
pages = {1399--1402},
month = jun
}

@article{turci2017prl,
author = {Turci, Francesco and Tarjus, Gilles and Royall, C Patrick},
title = {{From Glass Formation to Icosahedral Ordering by Curving Three-Dimensional Space}},
journal = {Phys. Rev. Lett.},
year = {2017},
volume = {118},
number = {21},
pages = {69--5},
month = may
}

@article{gong2017,
author = {Gong, Zhe and Hueckel, Theodore and Yi, Gi-Ra and Sacanna, Stefano},
title = {{Patchy particles made by colloidal fusion}},
journal = {Nature},
year = {2017},
volume = {550},
number = {7675},
pages = {234--238},
month = oct
}

@article{lin2017ra,
author = {Lin, Fei and Wang, Xinyu and Wang, Yiyu and Yang, Yushi and Li, Yi},
title = {{Preparation and biocompatibility of electrospinning PDLLA/$\beta$-TCP/collagen for peripheral nerve regeneration}},
journal = {RSC Adv.},
year = {2017},
volume = {7},
pages = {41593--41602},
month = aug
}

@article{cachat2019,
author = {Cachat, Jonathan and Stewart, Adam and Grossman, Leah and Gaikwad, Siddharth and Kadri, Ferdous and Chung, Kyung Min and Wu, Nadine and Wong, Keith and Roy, Sudipta and Suciu, Christopher and Goodspeed, Jason and Elegante, Marco and Bartels, Brett and Elkhayat, Salem and Tien, David and Tan, Julia and Denmark, Ashley and Gilder, Thomas and Kyzar, Evan and DiLeo, John and Frank, Kevin and Chang, Katie and Utterback, Eli and Hart, Peter and Kalueff, Allan V},
title = {{Measuring behavioral and endocrine responses to novelty stress in adult zebrafish}},
journal = {Nat Protoc},
year = {2019},
pages = {1--14},
month = apr
}

@article{tong2018,
author = {Tong, Hua and Tanaka, Hajime},
title = {{Revealing Hidden Structural Order Controlling Both Fast and Slow Glassy Dynamics in Supercooled Liquids}},
journal = {Physical Review X},
year = {2018},
volume = {8},
number = {1},
pages = {011041},
month = mar
}

@article{patrickroyall2008nm,
author = {Patrick Royall, C and Williams, Stephen R and Ohtsuka, Takehiro and Tanaka, Hajime},
title = {{Direct observation of a local structural mechanism for dynamic arrest}},
journal = {Nat Mater},
year = {2008},
volume = {7},
number = {7},
pages = {556--561},
month = jun
}

@article{ahn2011,
author = {Ahn, Yong-Yeol and Ahnert, Sebastian E and Bagrow, James P and Barab{\'a}si, Albert-L{\'a}szl{\'o}},
title = {{Flavor network and the principles of food pairing}},
journal = {Sci Rep},
year = {2011},
volume = {1},
number = {1},
pages = {21--7},
month = dec
}

@article{henderson1971,
author = {Henderson, L F},
title = {{The Statistics of Crowd Fluids}},
journal = {Nature},
year = {1971},
volume = {229},
number = {5},
pages = {381--383},
month = feb
}

@article{chen2020,
author = {Chen, Qiqing and Lackmann, Carina and Wang, Weiye and Seiler, Thomas-Benjamin and Hollert, Henner and Shi, Huahong},
title = {{Microplastics Lead to Hyperactive Swimming Behaviour in Adult Zebrafish}},
journal = {Aquatic Toxicology},
year = {2020},
volume = {224},
pages = {105521--9},
month = jul
}

@article{ginot2015,
author = {Ginot, F{\'e}lix and Theurkauff, Isaac and Levis, Demian and Ybert, Christophe and Bocquet, Lyd{\'e}ric and Berthier, Ludovic and Cottin-Bizonne, C{\'e}cile},
title = {{Nonequilibrium Equation of State in Suspensions of Active Colloids}},
journal = {Physical Review X},
year = {2015},
volume = {5},
number = {1},
pages = {1--8},
month = jan
}

@article{williams2015np,
author = {Williams, Ian and Oguz, Erdal C and Speck, Thomas and Bartlett, Paul and L{\"o}wen, Hartmut and Royall, C Patrick},
title = {{Transmission of torque at the nanoscale}},
journal = {Nat Phys},
year = {2015},
volume = {12},
number = {1},
pages = {98--103},
month = oct
}

@article{kadanoff1966,
author = {Kadanoff, Leo P},
title = {{Scaling laws for ising models near Tc}},
journal = {Physics Physique Fizika},
year = {1966},
volume = {2},
number = {6},
pages = {263--272},
month = jun
}

@article{lecheval2018,
author = {Lecheval, Valentin and Jiang, Li and Tichit, Pierre and Sire, Cl{\'e}ment and Hemelrijk, Charlotte K and Theraulaz, Guy},
title = {{Social conformity and propagation of information in collective U-turns of fish schools.}},
journal = {Proc. Biol. Sci.},
year = {2018},
volume = {285},
number = {1877},
month = apr
}

@article{ginot2018,
author = {Ginot, F and Theurkauff, I and Detcheverry, F and Ybert, C and Cottin-Bizonne, C},
title = {{Aggregation-fragmentation and individual dynamics of active clusters}},
journal = {Nat Comms},
year = {2018},
pages = {1--9},
month = feb
}

@article{miller2011,
author = {Miller, Noam Y and Gerlai, Robert},
title = {{Shoaling in zebrafish: what we don{\textquoteright}t know}},
journal = {Reviews in the Neurosciences},
year = {2011},
volume = {22},
number = {1},
pages = {55--9},
month = feb
}

@article{dickman2000,
author = {Dickman, Ronald and Mu{\~n}oz, Miguel A and Vespignani, Alessandro and Zapperi, Stefano},
title = {{Paths to Self-Organized Criticality}},
journal = {Brazilian Journal of Physics},
year = {2000},
volume = {30},
number = {1},
pages = {27--41},
month = mar
}

@article{kondo2018,
author = {Kondo, Yohei and Aoki, Kazuhiro and Ishii, Shin},
title = {{Inverse tissue mechanics of cell monolayer expansion}},
journal = {PLoS Comput Biol},
year = {2018},
volume = {14},
number = {3},
pages = {e1006029--15},
month = mar
}

@article{tinsley2008epjst,
author = {Tinsley, M R and Steele, A J and Showalter, K},
title = {{Collective behavior of particle-like chemical waves}},
journal = {Eur. Phys. J. Spec. Top.},
year = {2008},
volume = {165},
number = {1},
pages = {161--167},
month = dec
}

@article{chenouard2014,
author = {Chenouard, Nicolas and Smal, Ihor and de Chaumont, Fabrice and Ma{\v s}ka, Martin and Sbalzarini, Ivo F and Gong, Yuanhao and Cardinale, Janick and Carthel, Craig and Coraluppi, Stefano and Winter, Mark and Cohen, Andrew R and Godinez, William J and Rohr, Karl and Kalaidzidis, Yannis and Liang, Liang and Duncan, James and Shen, Hongying and Xu, Yingke and Magnusson, Klas E G and Jald{\'e}n, Joakim and Blau, Helen M and Paul-Gilloteaux, Perrine and Roudot, Philippe and Kervrann, Charles and Waharte, Fran{\c c}ois and Tinevez, Jean-Yves and Shorte, Spencer L and Willemse, Joost and Celler, Katherine and van Wezel, Gilles P and Dan, Han-Wei and Tsai, Yuh-Show and de Sol{\'o}rzano, Carlos Ortiz and Olivo-Marin, Jean-Christophe and Meijering, Erik},
title = {{Objective comparison of particle tracking methods}},
journal = {Nat Meth},
year = {2014},
volume = {11},
number = {3},
pages = {281--289},
month = jan
}

@article{lowe2004,
author = {Lowe, David G},
title = {{Distinctive image features from scale-invariant keypoints}},
journal = {International Journal of Computer Vision},
year = {2004},
volume = {60},
number = {2},
pages = {91--110},
month = nov
}

@article{ling2019jrsi,
author = {Ling, Hangjian and Mclvor, Guillam E and Westley, Joseph and van der Vaart, Kasper and Yin, Jennifer and Vaughan, Richard T and Thornton, Alex and Ouellette, Nicholas T},
title = {{Collective turns in jackdaw flocks: kinematics and information transfer}},
journal = {Journal of The Royal Society Interface},
year = {2019},
volume = {16},
number = {159},
pages = {20190450--10},
month = oct
}

@article{cates2010,
author = {Cates, M E and Marenduzzo, D and Pagonabarraga, I and Tailleur, J},
title = {{Arrested phase separation in reproducing bacteria creates a generic route to pattern formation}},
journal = {Proceedings of the National Academy of Sciences},
year = {2010},
volume = {107},
number = {26},
pages = {11715--11720},
month = jun
}

@article{sinhuber2017,
author = {Sinhuber, Michael and Ouellette, Nicholas T},
title = {{Phase Coexistence in Insect Swarms}},
journal = {Phys. Rev. Lett.},
year = {2017},
volume = {119},
number = {17},
pages = {178003--5},
month = oct
}

@article{kaiser2017,
author = {Kaiser, Andreas and Snezhko, Alexey and Aranson, Igor S},
title = {{Flocking ferromagnetic colloids}},
journal = {Science Advances},
year = {2017},
volume = {3},
number = {2},
month = feb
}

@article{spence2007,
author = {Spence, Rowena and Gerlach, Gabriele and Lawrence, Christian and Smith, Carl},
title = {{The behaviour and ecology of the zebrafish, Danio rerio}},
journal = {Biological Reviews},
year = {2007},
volume = {83},
number = {1},
pages = {13--34},
month = dec
}

@article{aoki1982,
author = {AOKI, I},
title = {{A Simulation Study on the Schooling Mechanism in Fish}},
journal = {Bulletin of the Japanese Society of Scientific Fisheries},
year = {1982},
volume = {48},
number = {8},
pages = {1081--1088}
}

@article{royall2017,
author = {Royall, C Patrick and Kob, Walter},
title = {{Locally favoured structures and dynamic length scales in a simple glass-former}},
journal = {J. Stat. Mech.},
year = {2017},
volume = {2017},
number = {2},
pages = {024001--18},
month = feb
}

@article{sun2018,
author = {Sun, Ruoxi and Paninski, Liam},
title = {{Scalable approximate Bayesian inference for particle tracking data}},
year = {2018}
}

@article{lopezpatino2008,
author = {L{\'o}pez-Pati{\~n}o, Marcos A and Yu, Lili and Cabral, Howard and Zhdanova, Irina V},
title = {{Anxiogenic effects of cocaine withdrawal in zebrafish}},
journal = {Physiology {\&} Behavior},
year = {2008},
volume = {93},
number = {1-2},
pages = {160--171},
month = jan
}

@article{zienkiewicz2015,
author = {Zienkiewicz, Adam and Barton, David A W and Porfiri, Maurizio and Bernardo, Mario},
title = {{Data-driven stochastic modelling of zebrafish locomotion}},
journal = {Journal of Mathematical Biology},
year = {2015},
pages = {1--25},
month = apr
}

@article{xiong2016,
author = {Xiong, Zhenmin and Yang, Yushi and Wang, Youfa},
title = {{Enhanced upconversion luminescence and tuned red-to-green emission ratio of LiGdF 4nanocrystals via Ca 2+doping}},
journal = {RSC Adv.},
year = {2016},
volume = {6},
number = {79},
pages = {75664--75668}
}

@article{rosa2020,
author = {Rosa, Luiz V and Costa, Fabiano V and Canzian, Julia and Borba, Jo{\~a}o V and Quadros, Vanessa A and Rosemberg, Denis B},
title = {{Three- and bi-dimensional analyses of the shoaling behavior in zebrafish: Influence of modulators of anxiety-like responses}},
journal = {Progress in Neuropsychopharmacology {\&} Biological Psychiatry},
year = {2020},
pages = {109957}
}

@article{berrondo2015complexity,
author = {Berrondo, Manuel and Sandoval, Mario},
title = {{Defining emergence: Learning from flock behavior}},
journal = {Complexity},
year = {2015},
volume = {21},
number = {S1},
pages = {69--78},
month = jul
}

@article{cates2015,
author = {Cates, Michael E and Tailleur, Julien},
title = {{Motility-Induced Phase Separation}},
journal = {Annu. Rev. Condens. Matter Phys.},
year = {2015},
volume = {6},
number = {1},
pages = {219--244},
month = mar
}

@article{martiniani2020,
author = {Martiniani, Stefano and Lemberg, Yuval and Chaikin, Paul M and Levine, Dov},
title = {{Correlation lengths in the language of computable information}},
journal = {arXiv},
year = {2020},
eprint = {2004.03502v1},
eprinttype = {arxiv},
eprintclass = {cond-mat.stat-mech},
month = apr
}

@article{chialvo2019,
author = {Chialvo, Dante R and Cannas, Sergio A and Plenz, Dietmar and Grigera, Tomas S},
title = {{Controlling a complex system near its critical point via temporal correlations}},
journal = {arXiv},
year = {2019},
eprint = {1905.11758v1},
eprinttype = {arxiv},
eprintclass = {1905},
pages = {arXiv:1905.11758},
month = may
}

@article{macgregor2020,
author = {MacGregor, Hannah E A and Herbert-Read, James E and Ioannou, Christos C},
title = {{Information can explain the dynamics of group order in animal collective behaviour}},
journal = {Nat Comms},
year = {2020},
pages = {1--8},
month = may
}

@article{delaney2002,
author = {Delaney, Martha and Follet, Christopher and Ryan, Nick and Hanney, Nick and Lusk-Yablick, Jenny and Gerlach, Gabriele},
title = {{Social Interaction and Distribution of Female Zebrafish (Danio rerio) in a Large Aquarium}},
journal = {The Biological Bulletin},
year = {2002},
volume = {203},
number = {2},
pages = {240--241}
}

@phdthesis{crowther2019,
author = {Crowther, Peter},
title = {{Structure and Lengthscales in Glassy Systems}},
year = {2019},
address = {Bristol},
month = sep
}

@article{pimentel2008,
author = {Pimentel, Jaime A and Aldana, Maximino and Huepe, Cristi{\'a}n and Larralde, Hern{\'a}n},
title = {{Intrinsic and extrinsic noise effects on phase transitions of network models with applications to swarming systems}},
journal = {Phys. Rev. E},
year = {2008},
volume = {77},
number = {6},
pages = {061138--17},
month = jun
}

@article{ouellette2005,
author = {Ouellette, Nicholas T and Xu, Haitao and Bodenschatz, Eberhard},
title = {{A quantitative study of three-dimensional Lagrangian particle tracking algorithms}},
journal = {Exp Fluids},
year = {2005},
volume = {40},
number = {2},
pages = {301--313},
month = nov
}

@article{whitmer2011,
author = {Whitmer, Jonathan K and Luijten, Erik},
title = {{Sedimentation of aggregating colloids}},
journal = {The Journal of Chemical Physics},
year = {2011},
volume = {134},
number = {3},
pages = {034510--10},
month = jan
}

@article{schunterjr2018,
author = {Schunter Jr, David J and Brandenbourger, Martin and Perriseau, Sophia and Holmes, Douglas P},
title = {{Elastogranular Mechanics: Buckling, Jamming, and Structure Formation}},
journal = {Phys. Rev. Lett.},
year = {2018},
volume = {120},
number = {7},
pages = {078002},
month = feb
}

@article{anonymous2019notpaper,
title = {{Flowing Matter}},
year = {2019},
pages = {1--313},
month = aug
}

@article{marconi2017,
author = {Marconi, Umberto Marini Bettolo and Puglisi, Andrea and Maggi, Claudio},
title = {{Heat, temperature and Clausius inequality in a model for active Brownian particles}},
journal = {Sci Rep},
year = {2017},
volume = {7},
number = {1},
pages = {323--15},
month = apr
}

@article{munoz2018rmp,
author = {Mu{\~n}oz, Miguel A},
title = {{Colloquium: Criticality and dynamical scaling in living systems}},
journal = {Rev. Mod. Phys.},
year = {2018},
volume = {90},
number = {3},
pages = {031001},
month = jul
}

@article{calovi2014njp,
author = {Calovi, Daniel S and Lopez, Ugo and Ngo, Sandrine and Sire, Cl{\'e}ment and Chat{\'e}, Hugues and Theraulaz, Guy},
title = {{Swarming, schooling, milling: phase diagram of a data-driven fish school model}},
journal = {New J. Phys.},
year = {2014},
volume = {16},
number = {1},
pages = {015026--16},
month = jan
}

@article{bore2016,
author = {Bore, Sigbj{\o}rn L{\o}land and Schindler, Michael and Lam, Khanh-Dang Nguyen Thu and Bertin, Eric and Dauchot, Olivier},
title = {{Coupling spin to velocity: collective motion of Hamiltonian polar particles}},
year = {2016},
pages = {1--22},
month = mar
}

@article{filella2018,
author = {Filella, Audrey and Nadal, Fran{\c c}ois and Sire, Cl{\'e}ment and Kanso, Eva and Eloy, Christophe},
title = {{Model of Collective Fish Behavior with Hydrodynamic Interactions}},
journal = {Phys. Rev. Lett.},
year = {2018},
volume = {120},
number = {19},
pages = {198101},
month = may
}

@article{herbertread2015,
author = {Herbert-Read, J E and Romenskyy, M and Sumpter, D J T},
title = {{A Turing test for collective motion.}},
journal = {Biol. Lett.},
year = {2015},
volume = {11},
number = {12},
pages = {20150674--4},
month = dec
}

@article{yan2016,
author = {Yan, Jing and Han, Ming and Zhang, Jie and Xu, Cong and Luijten, Erik and Granick, Steve},
title = {{Reconfiguring active particles by electrostatic~imbalance}},
journal = {Nat Mater},
year = {2016},
volume = {15},
number = {10},
pages = {1095--1099},
month = jul
}

@article{ahmed2016,
author = {Ahmed, Israr},
title = {{MATHEMATICAL AND COMPUTATIONAL MODELLING OF SOFT AND ACTIVE MATTER by ISRAR AHMED}},
year = {2016},
pages = {1--221},
month = oct
}

@article{mari2009,
author = {Mari, Romain and Krzakala, Florent and Kurchan, Jorge},
title = {{Jamming versus Glass Transitions}},
journal = {Phys. Rev. Lett.},
year = {2009},
volume = {103},
number = {2},
pages = {025701--4},
month = jul
}

@article{royall2007jcp,
author = {Royall, C Patrick and Louis, Ard A and Tanaka, Hajime},
title = {{Measuring colloidal interactions with confocal microscopy}},
journal = {The Journal of Chemical Physics},
year = {2007},
volume = {127},
number = {4},
pages = {044507--9},
month = jul
}

@article{kubo1966,
author = {Kubo, R},
title = {{The fluctuation-dissipation theorem}},
journal = {Rep. Prog. Phys.},
year = {1966},
volume = {29},
number = {1},
pages = {255--284},
month = jan
}

@article{theriault2014,
author = {Theriault, D H and Fuller, N W and Jackson, B E and Bluhm, E and Evangelista, D and Wu, Z and Betke, M and Hedrick, T L},
title = {{A protocol and calibration method for accurate multi-camera field videography}},
journal = {Journal of Experimental Biology},
year = {2014},
volume = {217},
number = {11},
pages = {1843--1848},
month = may
}

@phdthesis{regev2017,
author = {Regev, Shaked},
title = {{Diffusion in Inhomogeneous Systems}},
year = {2017},
month = aug
}

@article{partridge1981,
author = {Partridge, Brian L},
title = {{Internal dynamics and the interrelations of fish in schools}},
journal = {J. Comp. Physiol.},
year = {1981},
volume = {144},
number = {3},
pages = {313--325}
}

@phdthesis{amieva2020,
author = {Amieva, Abraham Mauleon},
title = {{The phase behaviour of active colloidal rollers}},
year = {2020},
month = aug
}

@article{brederjr1976,
author = {Breder JR., Charles M},
title = {{Fish schools as operational structures}},
journal = {Fishery Bulletin},
year = {1976},
volume = {3},
number = {74},
pages = {471}
}

@article{mathew2015,
author = {Mathew, B and Schmitz, A and Mu{\~n}oz-Descalzo, S and Ansari, N and Pampaloni, F and Stelzer, E H K and Fischer, S C},
title = {{Robust and automated three-dimensional segmentation of densely packed cell nuclei in different biological specimens with Lines-of-Sight decomposition}},
journal = {BMC Bioinformatics},
year = {2015},
pages = {1--14},
month = jun
}

@article{romey1996,
author = {Romey, William L},
title = {{Individual differences make a difference in the trajectories of simulated schools of fish}},
journal = {Ecological Modelling},
year = {1996},
volume = {92},
number = {1},
pages = {65--77}
}

@article{lin2018,
author = {Lin, Shang-Chun and Oettel, Martin},
title = {{A classical density functional from machine learning and a convolutional neural network}},
journal = {arXiv},
year = {2018},
eprint = {1811.05728},
eprinttype = {arxiv},
eprintclass = {1811},
pages = {arXiv:1811.05728},
month = nov
}

@article{ni2015,
author = {Ni, Rui and Puckett, James G and Dufresne, Eric R and Ouellette, Nicholas T},
title = {{Intrinsic Fluctuations and Driven Response of Insect Swarms}},
journal = {Phys. Rev. Lett.},
year = {2015},
volume = {115},
number = {11},
pages = {118104--6},
month = sep
}

@article{weeks2000,
author = {Weeks, E R and Crocker, J C and Levitt, A C and Schofield, A and Weitz, D A},
title = {{Three-dimensional direct imaging of structural relaxation near the colloidal glass transition}},
journal = {Science},
year = {2000},
volume = {287},
number = {5453},
pages = {627--631}
}

@article{partridge1980jcp,
author = {Partridge, Brian L and Pitcher, Tony J},
title = {{The sensory basis of fish schools: Relative roles of lateral line and vision}},
journal = {J. Comp. Physiol.},
year = {1980},
volume = {135},
number = {4},
pages = {315--325}
}

@article{ferretti2020,
author = {Ferretti, Federica and Chard{\`e}s, Victor and Mora, Thierry and Walczak, Aleksandra M and Giardina, Irene},
title = {{Building General Langevin Models from Discrete Datasets}},
journal = {Physical Review X},
year = {2020},
volume = {10},
number = {3},
pages = {031018},
month = jul
}

@article{andac2019,
author = {Andac, Tugba and Weigmann, Pascal and Velu, Sabareesh K P and Pin{\c c}e, Er{\c c}a{\u{g}} and Volpe, Giorgio and Volpe, Giovanni and Callegari, Agnese},
title = {{Active matter alters the growth dynamics of coffee rings}},
journal = {Soft Matter},
year = {2019},
volume = {15},
number = {7},
pages = {1488--1496}
}

@article{johnson2019,
author = {Johnson, N F and Leahy, R and Restrepo, N Johnson and Velasquez, N and Zheng, M and Manrique, P and Devkota, P and Wuchty, S},
title = {{Hidden resilience and adaptive dynamics of the global online hate ecology}},
journal = {Nature},
year = {2019},
pages = {1--11},
month = aug
}

@article{wu1971jfm,
author = {Wu, T Y},
title = {{Hydromechanics of swimming propulsion. Part 1. Swimming of a two-dimensional flexible plate at variable forward speeds in an inviscid fluid}},
journal = {J. Fluid Mech.},
year = {1971},
volume = {46},
number = {02},
pages = {337--355},
month = n/a
}

@article{schneiders2016ef,
author = {Schneiders, Jan F G and Scarano, Fulvio},
title = {{Dense velocity reconstruction from tomographic PTV with material derivatives}},
journal = {Exp Fluids},
year = {2016},
volume = {57},
number = {9},
pages = {1--22},
month = aug
}

@article{gangwal2008,
author = {Gangwal, Sumit and Cayre, Olivier J and Bazant, Martin Z and Velev, Orlin D},
title = {{Induced-Charge Electrophoresis of Metallodielectric Particles}},
journal = {Phys. Rev. Lett.},
year = {2008},
volume = {100},
number = {5},
pages = {341--4},
month = feb
}

@phdthesis{riosdeanda2018,
author = {R{\'\i}os de Anda, Ioatzin},
title = {{Self-Assembly of Multiple Soft Matter Systems}},
year = {2018},
month = dec
}

@article{royall2005,
author = {Royall, C P and Roij, R van and Blaaderen, A van},
title = {{Extended sedimentation profiles in charged colloids: the gravitational length, entropy, and electrostatics}},
journal = {J. Phys.: Condens. Matter},
year = {2005},
volume = {17},
number = {15},
pages = {2315--2326},
month = apr
}

@article{leahy2018,
author = {Leahy, Brian D and Bierbaum, Matthew and Sethna, James and Cohen, Itai},
title = {{Biases in particle localization algorithms}},
journal = {arXiv},
year = {2018},
eprint = {1801.03581},
eprinttype = {arxiv},
eprintclass = {cond-mat.soft},
pages = {arXiv:1801.03581},
month = jan
}

@article{royall2007jcp1,
author = {Royall, C Patrick and Louis, Ard A and Tanaka, Hajime},
title = {{Measuring colloidal interactions with confocal microscopy}},
journal = {The Journal of Chemical Physics},
year = {2007},
volume = {127},
number = {4},
pages = {044507--9},
month = jul
}

@article{chate2008epjb,
author = {Chate, H and Ginelli, F and Gr{\'e}goire, G and Peruani, F and Raynaud, F},
title = {{Modeling collective motion: variations on the Vicsek model}},
journal = {Eur. Phys. J. B},
year = {2008},
volume = {64},
number = {3-4},
pages = {451--456},
month = jul
}

@article{wieneke2012mst1,
author = {Wieneke, Bernhard},
title = {{Iterative reconstruction of volumetric particle distribution}},
journal = {Meas. Sci. Technol.},
year = {2012},
volume = {24},
number = {2},
pages = {024008--15},
month = dec
}

@article{marchetti2013rmp,
author = {Marchetti, M C and Joanny, J F and Ramaswamy, S and Liverpool, T B and Prost, J and Rao, Madan and Simha, R Aditi},
title = {{Hydrodynamics of soft active matter}},
journal = {Rev. Mod. Phys.},
year = {2013},
volume = {85},
number = {3},
pages = {1143--1189},
month = jul
}

@article{marchetti2013rmp1,
author = {Marchetti, M C and Joanny, J F and Ramaswamy, S and Liverpool, T B and Prost, J and Rao, Madan and Simha, R Aditi},
title = {{Hydrodynamics of soft active matter}},
journal = {Rev. Mod. Phys.},
year = {2013},
volume = {85},
number = {3},
pages = {1143--1189},
month = jul
}

@article{tailleur2008,
author = {Tailleur, J and Cates, M E},
title = {{Statistical Mechanics of Interacting Run-and-Tumble Bacteria}},
journal = {Phys. Rev. Lett.},
year = {2008},
volume = {100},
number = {21},
pages = {15--4},
month = may
}

@article{buhl2006,
author = {Buhl, J and Sumpter, D J T and Couzin, I D and Hale, J J and Despland, E and Miller, E R and Simpson, S J},
title = {{From Disorder to Order in Marching Locusts}},
journal = {Science},
year = {2006},
volume = {312},
number = {5},
pages = {1402--1406},
month = jun
}

@article{ashton2014,
author = {Ashton, Douglas J and Wilding, Nigel B},
title = {{Three-body interactions in complex fluids: Virial coefficients from simulation finite-size effects}},
journal = {The Journal of Chemical Physics},
year = {2014},
volume = {140},
number = {24},
pages = {244118--13},
month = jun
}

@article{helbing2000prl,
author = {Helbing, D and Farkas, I J and Vicsek, T},
title = {{Freezing by heating in a driven mesoscopic System}},
journal = {Phys. Rev. Lett.},
year = {2000},
volume = {84},
number = {6},
pages = {1240--1243}
}

@article{zumaya2018,
author = {Zumaya, Martamp x000ED n and Larralde, Hernamp x000E1 n and Aldana, Maximino},
title = {{Delay in the dispersal of flocks moving in unbounded space using long-range interactions}},
journal = {Sci Rep},
year = {2018},
pages = {1--9},
month = oct
}

@article{hemelrijk2014,
author = {Hemelrijk, C K and Reid, DAP and Hildenbrandt, H and Padding, J T},
title = {{The increased efficiency of fish swimming in a school}},
journal = {Fish Fish},
year = {2014},
volume = {16},
number = {3},
pages = {511--521},
month = jan
}

@article{shaebani2019,
author = {Shaebani, M Reza and Wysocki, Adam and Winkler, Roland G and Gompper, Gerhard and Rieger, Heiko},
title = {{Computational models for active matter}},
journal = {arXiv},
year = {2019},
eprint = {1910.02528v2},
eprinttype = {arxiv},
eprintclass = {cond-mat.soft},
month = oct
}

@article{whitelam2018,
author = {Whitelam, Stephen and Klymko, Katherine and Mandal, Dibyendu},
title = {{Phase separation and large deviations of lattice active matter}},
journal = {The Journal of Chemical Physics},
year = {2018},
volume = {148},
number = {15},
pages = {154902--10},
month = apr
}

@article{huepe2004,
author = {Huepe, Cristi{\'a}n and Aldana, Maximino},
title = {{Intermittency and Clustering in a System of Self-Driven Particles}},
journal = {Phys. Rev. Lett.},
year = {2004},
volume = {92},
number = {16},
pages = {168701--4},
month = apr
}

@article{barberis2016,
author = {Barberis, Lucas and Peruani, Fernando},
title = {{Large-Scale Patterns in a Minimal Cognitive Flocking Model: Incidental Leaders, Nematic Patterns, and Aggregates}},
journal = {Phys. Rev. Lett.},
year = {2016},
volume = {117},
number = {24},
pages = {248001--6},
month = dec
}

@article{li2016nrl,
author = {Li, Jialiang and Yang, Yushi and Mao, Zhou and Huang, Wenjie and Qiu, Tong and Wu, Qingzhi},
title = {{Enhanced Resolution of DNA Separation Using Agarose Gel Electrophoresis Doped with Graphene Oxide}},
journal = {Nanoscale Res Lett},
year = {2016},
volume = {11},
number = {1},
pages = {183},
month = sep
}

@article{feriani2017,
author = {Feriani, Luigi and Juenet, Maya and Fowler, Cedar J and Bruot, Nicolas and Chioccioli, Maurizio and Holland, Steven M and Bryant, Clare E and Pietro Cicuta},
title = {{Assessing the Collective Dynamics of Motile Cilia in Cultures of Human Airway Cells by Multiscale DDM}},
journal = {Biophysj},
year = {2017},
volume = {113},
number = {1},
pages = {109--119},
month = jul
}

@article{stowers2017,
author = {Stowers, John R and Hofbauer, Maximilian and Bastien, Renaud and Griessner, Johannes and Higgins, Peter and Farooqui, Sarfarazhussain and Fischer, Ruth M and Nowikovsky, Karin and Haubensak, Wulf and Couzin, Iain D and Tessmar-Raible, Kristin and Straw, Andrew D},
title = {{Virtual reality for freely moving animals}},
journal = {Nat Meth},
year = {2017},
volume = {14},
number = {10},
pages = {995--1002},
month = aug
}

@article{mordant2004,
author = {Mordant, N and Crawford, A M and Bodenschatz, E},
title = {{Experimental Lagrangian acceleration probability density function measurement}},
journal = {Physica D: Nonlinear Phenomena},
year = {2004},
volume = {193},
number = {1-4},
pages = {245--251},
month = jun
}

@phdthesis{malins2013notpaper,
author = {Malins, Alex},
title = {{A Structural Approach to Glassy Systems}},
year = {2013},
month = jun
}

@article{xu2017,
author = {Xu, Zhiping and Cheng, Xi En},
title = {{Zebrafish tracking using convolutional neural networks}},
journal = {Sci Rep},
year = {2017},
pages = {1--11},
month = feb
}

@article{hallett2018,
author = {Hallett, James E and Turci, Francesco and Royall, C Patrick},
title = {{Local structure in deeply supercooled liquids exhibits growing lengthscales and dynamical correlations}},
journal = {Nat Comms},
year = {2018},
pages = {1--10},
month = aug
}

@article{miller2012po,
author = {Miller, Noam and Gerlai, Robert},
title = {{From Schooling to Shoaling: Patterns of Collective Motion in Zebrafish (Danio rerio)}},
journal = {PLoS ONE},
year = {2012},
volume = {7},
number = {11}
}

@article{会军2019,
author = {会军, 张 and 琪, 章 and 峰, 王 and 一龙, 韩},
title = {{Glass studies in colloidal systems}},
journal = {物理},
year = {2019},
volume = {48},
number = {2},
pages = {69--81}
}

@article{buttinoni2013,
author = {Buttinoni, Ivo and Bialk{\'e}, Julian and K{\"u}mmel, Felix and L{\"o}wen, Hartmut and Bechinger, Clemens and Speck, Thomas},
title = {{Dynamical Clustering and Phase Separation in Suspensions of Self-Propelled Colloidal Particles}},
journal = {Phys. Rev. Lett.},
year = {2013},
volume = {110},
number = {23},
pages = {238301--5},
month = jun
}

@article{granick1991,
author = {Granick, S},
title = {{Motions and relaxations of confined liquids.}},
journal = {Science},
year = {1991},
volume = {253},
number = {5026},
pages = {1374--1379},
month = sep
}

@article{vicsek2012,
author = {Vicsek, Tamas and Zafeiris, Anna},
title = {{Collective motion}},
journal = {Physics Reports},
year = {2012},
volume = {517},
number = {3-4},
pages = {71--140},
month = aug
}

@article{magliaro2017,
author = {Magliaro, Chiara and Callara, Alejandro L and Vanello, Nicola and Ahluwalia, Arti},
title = {{A Manual Segmentation Tool for Three-Dimensional Neuron Datasets}},
journal = {Front. Neuroinform.},
year = {2017},
volume = {11},
pages = {970--10},
month = may
}

@article{bechinger2016,
author = {Bechinger, Clemens and Di Leonardo, Roberto and L{\"o}wen, Hartmut and Reichhardt, Charles and Volpe, Giorgio and Volpe, Giovanni},
title = {{Active Particles in Complex and Crowded Environments}},
journal = {Rev. Mod. Phys.},
year = {2016},
volume = {88},
number = {4},
pages = {1--50},
month = nov
}

@article{cavagna2016,
author = {Cavagna, Andrea and Conti, Daniele and Giardina, Irene and Grigera, Tomas S and Melillo, Stefania and Viale, Massimiliano},
title = {{Spatio-temporal correlations in models of collective motion ruled by different dynamical laws.}},
journal = {Phys. Biol.},
year = {2016},
volume = {13},
number = {6},
pages = {065001},
month = nov
}

@article{cavagna2018arxiv1,
author = {Cavagna, Andrea and Melillo, Stefania and Parisi, Leonardo and Ricci-Tersenghi, Federico},
title = {{SpaRTA - Tracking across occlusions via global partitioning of 3D clouds of points}},
journal = {arXiv},
year = {2018},
eprint = {1802.05878},
eprinttype = {arxiv},
eprintclass = {cs.CV},
pages = {arXiv:1802.05878},
month = feb
}

@article{gerum2018jpdap,
author = {Gerum, Richard and Richter, Sebastian and Fabry, Ben and Le Bohec, C{\'e}line and Bonadonna, Francesco and Nesterova, Anna and Zitterbart, Daniel P},
title = {{Structural organisation and dynamics in king penguin colonies}},
journal = {Journal of Physics D: Applied Physics},
year = {2018},
volume = {51},
number = {16},
pages = {164004--9},
month = apr
}

@article{anonymous2014,
title = {{Region-based particle filter for video object segmentation}},
year = {2014},
pages = {1--8},
month = apr
}

@article{calovi2015,
author = {Calovi, D S and Lopez, U and Schuhmacher, P and Chate, H and Sire, C and Theraulaz, G},
title = {{Collective response to perturbations in a data-driven fish school model}},
journal = {Journal of The Royal Society Interface},
year = {2015},
volume = {12},
number = {104},
pages = {20141362--20141362},
month = jan
}

@article{porfiri2014,
author = {Porfiri, Maurizio},
title = {{Linear Analysis of the Vectorial Network Model}},
journal = {IEEE Trans. Circuits Syst. II},
year = {2014},
volume = {61},
number = {1},
pages = {44--48},
month = jan
}

@article{yucel2017,
author = {Y{\"u}cel, Harun and Okumu{\c s}o{\u{g}}lu, Nazmi Turan},
title = {{A new tracking algorithm for multiple colloidal particles close to contact}},
journal = {J. Phys.: Condens. Matter},
year = {2017},
volume = {29},
number = {46},
pages = {465101--14},
month = oct
}

@article{speck2016,
author = {Speck, Thomas},
title = {{Collective behavior of active Brownian particles: From microscopic clustering to macroscopic phase separation}},
journal = {Eur. Phys. J. Spec. Top.},
year = {2016},
volume = {225},
number = {1},
pages = {2287--2299},
month = nov
}

@article{kelley2013,
author = {Kelley, Douglas H and Ouellette, Nicholas T},
title = {{Emergent dynamics of laboratory insect swarms}},
journal = {Sci Rep},
year = {2013},
volume = {3},
number = {1},
pages = {4714--7},
month = jan
}

@article{puckett2015prl,
author = {Puckett, James G and Ni, Rui and Ouellette, Nicholas T},
title = {{Time-Frequency Analysis Reveals Pairwise Interactions in Insect Swarms}},
journal = {Phys. Rev. Lett.},
year = {2015},
volume = {114},
number = {25},
pages = {258103--8},
month = jun
}

@article{morin2015,
author = {Morin, Alexandre and Caussin, Jean-Baptiste and Eloy, Christophe and Bartolo, Denis},
title = {{Collective motion with anticipation: Flocking, spinning, and swarming}},
journal = {Phys. Rev. E},
year = {2015},
volume = {91},
number = {1},
pages = {012134--5},
month = jan
}

@article{bialek2011,
author = {Bialek, William and Cavagna, Andrea and Giardina, Irene and Mora, Thierry and Silvestri, Edmondo and Viale, Massimiliano and Walczak, Aleksandra M},
title = {{Statistical mechanics for natural flocks of birds}},
journal = {arXiv},
year = {2011},
eprint = {1107.0604v1},
eprinttype = {arxiv},
eprintclass = {physics.bio-ph},
number = {13},
pages = {4786--4791},
month = jul
}

@article{francisco2020,
author = {Francisco, Fritz A and N{\"u}hrenberg, Paul and Jordan, Alex},
title = {{High-resolution animal tracking with integration of environmental information in aquatic systems}},
year = {2020},
volume = {4},
number = {8},
pages = {98--14},
month = feb
}

@article{niss2018,
author = {Niss, Kristine and Hecksher, Tina},
title = {{Perspective: Searching for simplicity rather than universality in glass-forming liquids}},
journal = {The Journal of Chemical Physics},
year = {2018},
volume = {149},
number = {23},
pages = {230901--17},
month = dec
}

@article{mesibov1973,
author = {Mesibov, Robert and Ordal, George W and Adler, Julius},
title = {{The Range of Attractant Concentrations for Bacterial Chemotaxis and the Threshold and Size of Response over This Range}},
journal = {The Journal of General Physiology},
year = {1973},
volume = {62},
number = {2},
pages = {203--223},
month = aug
}

@article{anonymous2008,
title = {{An Introduction to Diffusion Maps}},
year = {2008},
pages = {1--11},
month = nov
}

@article{cavagna2010,
author = {Cavagna, Andrea and Cimarelli, Alessio and Giardina, Irene and Parisi, Giorgio and Santagati, Raffaele and Stefanini, Fabio and Viale, Massimiliano},
title = {{Scale-free correlations in starling flocks}},
journal = {Proc. Natl. Acad. Sci. U.S.A.},
year = {2010},
volume = {107},
number = {26},
pages = {11865--11870},
month = jun
}

@article{zimmermann2018,
author = {Zimmermann, Maxime J Y and Nevala, Noora E and Yoshimatsu, Takeshi and Osorio, Daniel and Nilsson, Dan-Eric and Berens, Philipp and Baden, Tom},
title = {{Zebrafish Differentially Process Color across Visual Space to Match Natural Scenes}},
journal = {Current Biology},
year = {2018},
volume = {28},
number = {13},
pages = {2018--2031.e6},
month = jul
}

@article{ford1992,
author = {Ford, Roseanne M and Cummings, Peter T},
title = {{On the Relationship Between Cell Balance Equations for Chemotactic Cell Populations}},
journal = {SIAM J. Appl. Math.},
year = {1992},
volume = {52},
number = {5},
pages = {1426--1441},
month = oct
}

@article{medina2011,
author = {Medina, Tamara Nicol and Snedeker, Jesse and Trueswell, John C and Gleitman, Lila R},
title = {{How words can and cannot be learned by observation.}},
journal = {Proc. Natl. Acad. Sci. U.S.A.},
year = {2011},
volume = {108},
number = {22},
pages = {9014--9019},
month = may
}

@article{solon2015,
author = {Solon, A P and Fily, Y and Baskaran, A and Cates, M E and Kafri, Y and Kardar, M and Tailleur, J},
title = {{Pressure is not a state function for generic active~fluids}},
journal = {Nat Phys},
year = {2015},
volume = {11},
number = {8},
pages = {673--678},
month = jun
}

@phdthesis{zhang2008,
author = {Zhang, Isla},
title = {{A Real-Space Study of Phase Behaviour and Slow Dynamics in Colloid-Polymer Mixtures}},
year = {2008},
month = jan
}

@article{rosenthal2015,
author = {Rosenthal, Sara Brin and Twomey, Colin R and Hartnett, Andrew T and Wu, Hai Shan and Couzin, Iain D},
title = {{Revealing the hidden networks of interaction in mobile animal groups allows prediction of complex behavioral contagion}},
journal = {Proceedings of the National Academy of Sciences},
year = {2015},
volume = {112},
number = {15},
pages = {4690--4695},
month = apr
}

@article{palberg2016,
author = {Palberg, Thomas and Wette, Patrick and Herlach, Dieter M},
title = {{Equilibrium fluid-crystal interfacial free energy of bcc-crystallizing aqueous suspensions of polydisperse charged spheres}},
journal = {Phys. Rev. E},
year = {2016},
volume = {93},
number = {2},
pages = {227--22},
month = feb
}

@article{gerum2017,
author = {Gerum, Richard and Richter, Sebastian and Winterl, Alexander and Ben Fabry and Zitterbart, Daniel},
title = {{CameraTransform: a Scientific Python Package for Perspective Camera Corrections}},
journal = {arXiv},
year = {2017},
eprint = {1712.07438},
eprinttype = {arxiv},
eprintclass = {cs.MS},
pages = {arXiv:1712.07438},
month = dec
}

@article{topaz2015,
author = {Topaz, Chad M and Ziegelmeier, Lori and Halverson, Tom},
title = {{Topological Data Analysis of Biological Aggregation Models}},
journal = {PLoS ONE},
year = {2015},
volume = {10},
number = {5},
pages = {e0126383--26},
month = may
}

@article{hinz2017,
author = {Hinz, Robert C and de Polavieja, Gonzalo G},
title = {{Ontogeny of collective behavior reveals a simple attraction rule}},
journal = {Proc. Natl. Acad. Sci. U.S.A.},
year = {2017},
volume = {114},
number = {9},
pages = {2295--2300},
month = feb
}

@article{attanasi2014prl,
author = {Attanasi, Alessandro and Cavagna, Andrea and Del Castello, Lorenzo and Giardina, Irene and Melillo, Stefania and Parisi, Leonardo and Pohl, Oliver and Rossaro, Bruno and Shen, Edward and Silvestri, Edmondo and Viale, Massimiliano},
title = {{Finite-Size Scaling as a Way to Probe Near-Criticality in Natural Swarms}},
journal = {Phys. Rev. Lett.},
year = {2014},
volume = {113},
number = {23},
pages = {211--5},
month = dec
}

@article{brown1974,
author = {Brown, D A and Berg, H C},
title = {{Temporal Stimulation of Chemotaxis in Escherichia coli}},
journal = {Proceedings of the National Academy of Sciences},
year = {1974},
volume = {71},
number = {4},
pages = {1388--1392},
month = apr
}

@book{wu1977,
author = {Wu, Theodore Y and PASADENA, CALIFORNIA INST OF TECH},
title = {{Introduction to the Scaling of Aquatic Animal Locomotion}},
year = {1977}
}

@article{cavagna2008mb,
author = {Cavagna, Andrea and Cimarelli, Alessio and Giardina, Irene and Orlandi, Alberto and Parisi, Giorgio and Procaccini, Andrea and Santagati, Raffaele and Stefanini, Fabio},
title = {{New statistical tools for analyzing the structure of animal groups}},
journal = {Mathematical Biosciences},
year = {2008},
volume = {214},
number = {1-2},
pages = {32--37},
month = jul
}

@article{bialek2012,
author = {Bialek, William and Cavagna, Andrea and Giardina, Irene and Mora, Thierry and Silvestri, Edmondo and Viale, Massimiliano and Walczak, Aleksandra M},
title = {{Statistical mechanics for natural flocks of birds}},
journal = {Proceedings of the National Academy of Sciences},
year = {2012},
volume = {109},
number = {13},
pages = {4786--4791}
}

@article{jaynes1957pr,
author = {Jaynes, E T},
title = {{Information Theory and Statistical Mechanics}},
journal = {Phys. Rev.},
year = {1957},
volume = {106},
number = {4},
pages = {620--630}
}

@article{miller2013,
author = {Miller, Noam and Greene, Keisha and Dydinski, Amanda and Gerlai, Robert},
title = {{Effects of nicotine and alcohol on zebrafish (Danio rerio) shoaling}},
journal = {Behav. Brain Res.},
year = {2013},
volume = {240},
pages = {192--196},
month = mar
}

@article{zimmermann2018cb,
author = {Zimmermann, Maxime J Y and Nevala, Noora E and Yoshimatsu, Takeshi and Osorio, Daniel and Nilsson, Dan-Eric and Berens, Philipp and Baden, Tom},
title = {{Zebrafish Differentially Process Color across Visual Space to Match Natural Scenes}},
journal = {Current Biology},
year = {2018},
volume = {28},
number = {13},
pages = {2018--2032.e5},
month = jul
}

@article{valmianski2014,
author = {Valmianski, Ilya and Monton, Carlos and Schuller, Ivan K},
title = {{Microscopy image segmentation tool: Robust image data analysis}},
journal = {Review of Scientific Instruments},
year = {2014},
volume = {85},
number = {3},
pages = {033701--7},
month = mar
}

@article{vanderwel2017,
author = {van der Wel, Casper and Kraft, Daniela J},
title = {{Automated tracking of colloidal clusters with sub-pixel accuracy and precision}},
journal = {J. Phys.: Condens. Matter},
year = {2017},
volume = {29},
number = {4},
pages = {044001},
month = feb
}

@article{purcell1977,
author = {Purcell, E M},
title = {{Life at low Reynolds number}},
journal = {American Journal of Physics},
year = {1977},
volume = {45},
number = {1},
pages = {3--11},
month = jan
}

@article{cui2018,
author = {Cui, Yuxin and Zhang, Guiying and Liu, Zhonghao and Xiong, Zheng and Hu, Jianjun},
title = {{A Deep Learning Algorithm for One-step Contour Aware Nuclei Segmentation of Histopathological Images}},
year = {2018},
eprint = {1803.02786},
eprinttype = {arxiv},
month = mar
}

@article{rubiopuzzo2019,
author = {Rubio Puzzo, M Leticia and De Virgiliis, Andres and Grigera, Tomas S},
title = {{Self-propelled Vicsek particles at low speed and low density}},
journal = {Phys Rev E Stat Phys Plasmas Fluids Relat Interdiscip Topics},
year = {2019},
volume = {99},
number = {5}
}

@article{mora2011,
author = {Mora, Thierry and Bialek, William},
title = {{Are Biological Systems Poised at Criticality?}},
journal = {J. Stat. Phys.},
year = {2011},
volume = {144},
number = {2},
pages = {268--302},
month = jun
}

@article{berthier2011physics,
author = {Berthier, Ludovic},
title = {{Dynamic Heterogeneity in Amorphous Materials}},
journal = {Physics},
year = {2011},
volume = {4},
pages = {42--7},
month = may
}

@article{blinder1966,
author = {Blinder, S M},
title = {{Mathematical methods in elementary thermodynamics}},
journal = {J. Chem. Educ.},
year = {1966},
volume = {43},
number = {2},
pages = {85}
}

@article{schadschneider1999,
author = {Schadschneider, A},
title = {{The Nagel-Schreckenberg model revisited}},
journal = {Eur. Phys. J. B},
year = {1999},
volume = {10},
number = {3},
pages = {573--582},
month = aug
}

@article{gerum2013,
author = {Gerum, R C and Fabry, B and Metzner, C and Beaulieu, M and Ancel, A and Zitterbart, D P},
title = {{The origin of traveling waves in an emperor penguin huddle}},
journal = {New J. Phys.},
year = {2013},
volume = {15},
number = {12},
pages = {125022--18},
month = dec
}

@article{zienkiewicz2018,
author = {Zienkiewicz, Adam K and Ladu, Fabrizio and Barton, David A W and Porfiri, Maurizio and Bernardo, Mario Di},
title = {{Data-driven modelling of social forces and collective behaviour in zebrafish}},
journal = {Journal of Theoretical Biology},
year = {2018},
volume = {443},
pages = {39--51},
month = apr
}

@article{kuhn2014,
author = {Kuhn, Tobias and Perc, Matja{\v z} and Helbing, Dirk},
title = {{Inheritance Patterns in Citation Networks Reveal Scientific Memes}},
journal = {Physical Review X},
year = {2014},
volume = {4},
number = {4},
pages = {041036--9},
month = nov
}

@article{ni2015epjst,
author = {Ni, R and Ouellette, N T},
title = {{Velocity correlations in laboratory insect swarms}},
journal = {Eur. Phys. J. Spec. Top.},
year = {2015},
volume = {224},
number = {17-18},
pages = {3271--3277},
month = dec
}

@article{gomezgalvez2018,
author = {G{\'o}mez-G{\'a}lvez, Pedro and Vicente-Munuera, Pablo and Tagua, Antonio and Forja, Cristina and Castro, Ana M and Letr{\'a}n, Marta and Valencia-Exp{\'o}sito, Andrea and Grima, Clara and Berm{\'u}dez-Gallardo, Marina and Serrano-P{\'e}rez-Higueras, {\'O}scar and Cavodeassi, Florencia and Sotillos, Sol and Mart{\'\i}n-Bermudo, Mar{\'\i}a D and M{\'a}rquez, Alberto and Buceta, Javier and Escudero, Luis M},
title = {{Scutoids are a geometrical solution to three- dimensional packing of epithelia}},
journal = {Nat Comms},
year = {2018},
pages = {1--14},
month = jul
}

@article{speck2007,
author = {Speck, T and Seifert, U},
title = {{Restoring a fluctuation-dissipation theorem in a nonequilibrium steady state}},
journal = {Europhys. Lett.},
year = {2007},
volume = {74},
number = {3},
pages = {391--396},
month = jan
}

@article{ramaswamy2010arcmp,
author = {Ramaswamy, Sriram},
title = {{The Mechanics and Statistics of Active Matter}},
journal = {Annu. Rev. Condens. Matter Phys.},
year = {2010},
volume = {1},
number = {1},
pages = {323--345},
month = aug
}

@article{gautrais2012pcb,
author = {Gautrais, Jacques and Ginelli, Francesco and Fournier, Richard and Blanco, St{\'e}phane and Soria, Marc and Chat{\'e}, Hugues and Theraulaz, Guy},
title = {{Deciphering Interactions in Moving Animal Groups}},
journal = {PLoS Comput Biol},
year = {2012},
volume = {8},
number = {9},
pages = {e1002678--11},
month = sep
}

@article{bialek2015,
author = {Bialek, William},
title = {{Perspectives on theory at the interface of physics and biology}},
journal = {arXiv},
year = {2015},
eprint = {1512.08954},
eprinttype = {arxiv},
eprintclass = {physics.bio-ph},
pages = {arXiv:1512.08954},
month = dec
}

@article{wu1971jfm1,
author = {wu, T Yao Tsu},
title = {{Hydromechanics of swimming propulsion. Part 2. Some optimum shape problems}},
journal = {J. Fluid Mech.},
year = {1971},
volume = {46},
number = {3},
pages = {521--544},
month = apr
}

@article{latychevskaia2014,
author = {Latychevskaia, Tatiana and Fink, Hans-Werner},
title = {{Holographic time-resolved particle tracking by means of three-dimensional volumetric deconvolution.}},
journal = {Opt. Express},
year = {2014},
volume = {22},
number = {17},
pages = {20994--21003},
month = aug
}

@article{nakagawa2010,
author = {Nakagawa, Shinichi and Schielzeth, Holger},
title = {{Repeatability for Gaussian and non-Gaussian data: a practical guide for biologists}},
journal = {Biological Reviews},
year = {2010},
volume = {136},
number = {4},
pages = {no--no},
month = jun
}

@article{lu2013,
author = {Lu, Peter J and Shutman, Maor and Sloutskin, Eli and Butenko, Alexander V},
title = {{Locating particles accurately in microscope images requires image-processing kernels to be rotationally symmetric}},
journal = {Opt. Express},
year = {2013},
volume = {21},
number = {25},
pages = {30755--9}
}

@article{sussman2018prl,
author = {Sussman, Daniel M and Schwarz, J M and Marchetti, M Cristina and Manning, M Lisa},
title = {{Soft yet Sharp Interfaces in a Vertex Model of Confluent Tissue}},
journal = {Phys. Rev. Lett.},
year = {2018},
volume = {120},
number = {5},
pages = {058001},
month = jan
}

@article{cavagna2019,
author = {Cavagna, Andrea and Di Carlo, Luca and Giardina, Irene and Grandinetti, Luca and Grigera, Tomas S and Pisegna, Giulia},
title = {{Dynamical renormalization group approach to the collective behaviour of swarms}},
journal = {arXiv},
year = {2019},
eprint = {1905.01227},
eprinttype = {arxiv},
eprintclass = {cond-mat.stat-mech},
pages = {arXiv:1905.01227},
month = may
}

@article{russ2003,
author = {Ru{\ss}, Carsten and Zahn, Klaus and von Gr{\"u}nberg, Hans-Hennig},
title = {{Triplet correlations in two-dimensional colloidal model liquids}},
journal = {J. Phys.: Condens. Matter},
year = {2003},
volume = {15},
number = {4},
pages = {S3509--S3522},
month = dec
}

@article{schieber2020,
author = {Schieber, Jay D and H{\"u}tter, Markus},
title = {{Multiscale modeling beyond equilibrium}},
journal = {arXiv},
year = {2020},
volume = {73},
number = {3},
pages = {36--42},
month = mar
}

@article{ckendorf2015,
author = {ckendorf, Burkhard H ouml and Wan, Yinan and Lemon, William C and McDole, Katie and Amat, Fernando and Keller, Philipp J},
title = {{Efficient processing and analysis of large-scale light-sheet microscopy data}},
journal = {Nat Protoc},
year = {2015},
volume = {10},
number = {11},
pages = {1679--1696},
month = oct
}

@inproceedings{heikkila1997,
author = {Heikkila, Janne and Silven, Olli},
title = {{Four-step camera calibration procedure with implicit image correction}},
booktitle = {Proceedings of the IEEE Computer Society Conference on Computer Vision and Pattern Recognition},
year = {1997},
pages = {1106--1112},
organization = {Oulun Yliopisto, Oulu, Finland},
month = jan
}

@article{tunstrom2013pcb,
author = {Tunstr{\o}m, Kolbj{\o}rn and Katz, Yael and Ioannou, Christos C and Huepe, Cristi{\'a}n and Lutz, Matthew J and Couzin, Iain D},
title = {{Collective States, Multistability and Transitional Behavior in Schooling Fish}},
journal = {PLoS Comput Biol},
year = {2013},
volume = {9},
number = {2},
pages = {e1002915--11},
month = feb
}

@article{mallory2018,
author = {Mallory, Stewart A and Valeriani, Chantal and Cacciuto, Angelo},
title = {{An Active Approach to Colloidal Self-Assembly}},
journal = {Annu. Rev. Phys. Chem.},
year = {2018},
volume = {69},
number = {1},
pages = {59--79},
month = apr
}

@article{bak1987,
author = {BAK, P and Tang, C and WIESENFELD, K},
title = {{Self-Organized Criticality - an Explanation of 1/F Noise}},
journal = {Phys. Rev. Lett.},
year = {1987},
volume = {59},
number = {4},
pages = {381--384}
}

@article{mao2014,
author = {Mao, Zhou and Wu, Qingzhi and Wang, Min and Yang, Yushi and Long, Jia and Chen, Xiaohui},
title = {{Tunable synthesis of SiO 2 -encapsulated zero-valent iron nanoparticles for degradation of organic dyes}},
journal = {Nanoscale Res Lett},
year = {2014},
volume = {9},
number = {1},
pages = {501},
month = sep
}

@article{romeroferrero2018,
author = {Romero-Ferrero, Francisco and Bergomi, Mattia G and Hinz, Robert and Heras, Francisco J H and de Polavieja, Gonzalo G},
title = {{idtracker.ai: Tracking all individuals in large collectives of unmarked animals}},
journal = {arXiv},
year = {2018},
eprint = {1803.04351},
eprinttype = {arxiv},
eprintclass = {cs.CV},
pages = {arXiv:1803.04351},
month = mar
}

@phdthesis{williams2013,
author = {Williams, Ian},
title = {{Colloids in optically defined confinement}},
year = {2013},
month = jan
}

@article{veenman2001,
author = {Veenman, C J and Reinders, MJT and Backer, E},
title = {{Resolving motion correspondence for densely moving points}},
journal = {IEEE Trans Pattern Anal Mach Intell},
year = {2001},
volume = {23},
number = {1},
pages = {54--72},
month = jan
}

@article{chate2008pre,
author = {Chat{\'e}, Hugues and Ginelli, Francesco and Gr{\'e}goire, Guillaume and Raynaud, Franck},
title = {{Collective motion of self-propelled particles interacting without cohesion}},
journal = {Phys. Rev. E},
year = {2008},
volume = {77},
number = {4},
pages = {046113--15},
month = apr
}

@article{deneubourg1989,
author = {Deneubourg, J L and Goss, S},
title = {{Collective patterns and decision-making}},
journal = {Ethology Ecology {\&} Evolution},
year = {1989},
volume = {1},
number = {4},
pages = {295--311},
month = dec
}

@article{li2007,
author = {Li, Gang and Liu, Tianming and Tarokh, Ashley and Nie, Jingxin and Guo, Lei and Mara, Andrew and Holley, Scott and Wong, Stephen TC},
title = {{3D cell nuclei segmentation based on gradient flow tracking}},
journal = {BMC Cell Biol},
year = {2007},
volume = {8},
number = {1},
pages = {40--10}
}

@article{ohmi2000,
author = {Ohmi, Kazuo and Li, Hang-Yu},
title = {{Particle-tracking velocimetry with new algorithms}},
journal = {Meas. Sci. Technol.},
year = {2000},
volume = {11},
number = {6},
pages = {603--616},
month = may
}

@phdthesis{razali2017,
author = {Razali, Azaima},
title = {{Self Assembly in Gel Systems}},
year = {2017},
month = sep
}

@article{bonnet2019sr,
author = {Bonnet, Frank and Mills, Rob and Szopek, Martina and Schoenwetter-Fuchs, Sarah and Halloy, Jos{\'e} and Bogdan, Stjepan and Correia, Lu{\'\i}s and Mondada, Francesco and Schmickl, Thomas},
title = {{Robots mediating interactions between animals for interspecies collective behaviors}},
journal = {Science Robotics},
year = {2019},
volume = {4},
number = {28}
}

@phdthesis{robinson2019notpaper,
author = {Robinson, Joshua F},
title = {{Quasi-equilibrium approaches to the high-density liquid}},
year = {2019},
month = dec
}

